3175 4934
1195 420 1624 486 censuum,
1669 425 1834 473 car.
1876 410 1985 473 45.

2465 410 2641 479 8413

436 570 684 650 clarae,
711 564 807 641 ’ut
852 566 1071 633 sidera
1108 566 1367 631 hebetet
1386 562 1428 647 ;f
1464 586 1696 631 sonum
1740 567 2030 651 insuper¹
2063 567 2326 650 audiri,⁸
2363 570 2640 637 formas-

434 754 525 802 der
544 765 703 817 usque
724 750 773 800 in
794 755 951 799 ortum
964 753 1245 811 perseverat,
1264 750 1381 797 adeo
1399 747 1598 813 lucidas,
1611 752 1666 797 nt
1682 752 1814 799 astra
1829 748 2040 798 obscuret
2053 764 2075 807 ,⁸
2102 748 2322 813 adiungit
2341 750 2497 816 sm,
2511 766 2638 819 pm.

1366 893 1543 913 “““

505 996 533 1041 1
568 991 839 1043 Brotierns
862 1006 977 1041 cuni
998 990 1201 1056 Ryckio
1224 997 1280 1040 et
1300 990 1567 1041 Gronovio
1584 989 1780 1041 habent
1812 992 2006 1055 insuper

436 1064 603 1105 nanus
625 1071 655 1104 e
678 1056 807 1106 Cod.
833 1056 1009 1120 Kapp.

1548 893 1725 912 ‘‘‘‘‘

2037 991 2334 1055 mergentis.
2401 991 2488 1042 Ita
2509 992 2645 1042 Rhe·-

1075 1056 1127 1106 A
1151 1057 1253 1104 Ms.
1272 1057 1449 1105 Turic.
1472 1061 1527 1104 et
1550 1055 1860 1105 editionibus
1879 1056 2142 1105 veteribus
2160 1056 2328 1118 abest,
2341 1057 2645 1117 emeatus

438 1122 577 1170 nnde
598 1118 734 1169 forts
758 1120 1035 1169 redundat.
1100 1120 1425 1169 Emendabat
1446 1120 1668 1182 Lipsius.
1689 1134 1737 1168 se
1757 1121 2027 1181 mergentis.
2091 1119 2312 1185 Propius
2331 1120 2396 1169 sd
2411 1128 2644 1169 veterum

440 1185 771 1248 scripturam,
790 1186 859 1233 im

858 1185 1139 1247 mergentis.-
1172 1183 1471 1233 scribebant
1492 1184 1630 1233 enim
1652 1184 1864 1247 librarii,
1883 1186 2173 1246 matis.
2239 1185 2408 1234 Porro
2425 1184 2646 1237 striden-

442 1256 552 1299 tem
572 1249 745 1299 Solem
785 1249 974 1313 passim
999 1248 1247 1299 exhibent
1284 1247 1477 1311 poeta,
1508 1262 1626 1297 cum
1649 1248 1702 1298 in
1723 1248 1991 1298 Oceanum
2015 1249 2357 1313 immergitur,
2389 1250 2644 1313 nunquam

1444 1404 1658 1457 NOTAE

446 1542 559 1581 snus
574 1529 807 1579 cadentis
828 1532 949 1583 solis
968 1532 1141 1597 fulgor
1162 1537 1385 1585 edurare
1402 1536 1506 1586 cla·

447 1626 533 1661 rus
573 1610 788 1661 dicitur:
826 1628 925 1677 quo
964 1614 1101 1666 enim
1138 1616 1351 1679 propius
1385 1615 1505 1680 polo

445 1686 615 1748 clima,
631 1688 729 1735 hoc
746 1688 999 1752 longiores
1018 1698 1155 1740 stato
1174 1696 1407 1755 tempore
1422 1691 1507 1740 vei

446 1760 561 1811 dies
582 1762 919 1827 aliquamdiu,
932 1766 1017 1815 vel
1030 1774 1210 1816 noctes
1228 1782 1343 1817 esse
1356 1781 1508 1831 opor-

446 1844 581 1900 tere,
597 1844 651 1887 et
676 1840 807 1888 ratio
824 1840 1067 1904 loquitur,
1082 1850 1137 1891 et
1156 1844 1506 1906 experientia:

450 1914 544 1976 sic,
580 1922 641 1963 ut
674 1915 873 1965 directe
908 1918 1208 1981 suppolares
1230 1918 1411 1983 (modo
1442 1918 1509 1968 ob

450 1990 667 2041 immane
706 1990 874 2054 fiigns
913 1992 1109 2056 degere
1152 1997 1398 2045 mortales
1436 1994 1511 2043 ibi

448 2063 675 2139 possint)
713 2066 848 2113 diem
891 2066 945 2115 in
983 2074 1095 2117 toto
1133 2083 1267 2119 anno
1306 2070 1512 2119 unicum

450 2155 540 2191 sex
563 2140 825 2191 mensibus
843 2150 1186 2208 constantem,
1204 2154 1513 2210 noctemque

452 2219 673 2281 unicam,
693 2226 847 2282 prout
870 2234 937 2268 ex
960 2220 1115 2283 siguis
1131 2220 1213 2269 vel
1238 2220 1513 2271 ascendeu-

450 2293 591 2347 tibus
608 2296 686 2343 vel
710 2294 1149 2345 descendentibus
1166 2303 1401 2347 versatur
1419 2296 1513 2361 sol,

451 2371 741 2423 obtineant.
808 2373 929 2423 Non
973 2374 1155 2423 mirum
1214 2374 1375 2438 igitur
1415 2374 1513 2424 boc

455 2448 779 2512 contingere,
814 2449 903 2498 ubi
938 2464 1055 2499 cum
1084 2450 1173 2499 vix
1214 2448 1347 2499 infra
1380 2449 1515 2497 bori-

456 2533 660 2576 sontem
683 2540 881 2575 mersus
903 2526 977 2576 sol
1000 2532 1102 2589 est,
1114 2527 1227 2591 jam
1252 2540 1369 2577 mox
1388 2524 1515 2575 affu-

456 2608 606 2651 turus
652 2603 857 2664 iterum,
898 2603 1109 2660 relictis,
1150 2602 1298 2667 queis
1344 2602 1516 2651 sidera

457 2676 685 2741 stringit,
720 2678 895 2740 radiis,
928 2678 1203 2742 caliginem
1234 2676 1387 2729 facile
1410 2692 1516 2727 om-

458 2769 577 2805 nem
600 2763 743 2805 srcet
764 2755 1029 2820 fugatque.
1097 2756 1417 2807 Kirchmaier.

521 2832 587 2881 In
610 2832 1013 2896 septentrionali
1048 2837 1240 2894 tractu,
1272 2845 1372 2879 non
1409 2836 1521 2880 tan·

458 2914 567 2957 tum
592 2908 753 2971 juxta
773 2914 1009 2956 veterum
1044 2905 1391 2967 hypothesim,
1425 2904 1519 2953 sed

458 2982 620 3031 etiam
646 2982 799 3043 juxto
840 2980 1002 3043 ipsius
1026 2979 1414 3040 reiveritatem,
1443 2979 1521 3027 sol

462 3056 671 3118 circuit,
706 3062 763 3103 et
796 3054 981 3103 lambit
1011 3054 1183 3117 potius
1204 3054 1521 3104 horizontem

464 3146 616 3197 qnam
655 3130 814 3194 subit,
854 3136 945 3179 ant
980 3128 1119 3179 infra
1154 3127 1327 3179 cadit:
1361 3143 1523 3194 qnare

462 3214 608 3257 recte
648 3206 703 3255 in
725 3206 893 3255 veteri
936 3205 1098 3255 libro:
1132 3205 1149 3233 ‘
1171 3204 1311 3269 quod
1350 3212 1522 3254 extre-

461 3296 601 3333 mum
623 3282 811 3332 radens
834 3282 946 3344 jam
968 3281 1090 3331 solis
1112 3278 1284 3343 fulgor
1304 3280 1353 3330 in
1380 3286 1524 3331 ortus

462 3358 685 3421 edurat,'
715 3361 815 3406 διο.
858 3358 1063 3407 Vossius.
1120 3358 1271 3406 Vena
1308 3365 1364 3407 et
1394 3356 1525 3407 falsu

462 3448 529 3485 ea
548 3434 734 3484 lectio:
771 3448 873 3483 non
894 3435 1040 3496 radit,
1056 3433 1149 3483 scd
1168 3441 1225 3483 et
1238 3435 1387 3498 cadit,
1403 3432 1522 3483 solis

462 3509 649 3575 fulgor.
716 3512 877 3560 Certe
896 3510 1062 3559 minus
1082 3510 1136 3559 in
1158 3524 1221 3559 eo
1244 3515 1419 3559 tractu
1441 3524 1525 3558 ca-

463 3586 562 3650 dit,
584 3592 676 3636 aut
698 3586 888 3635 cadere
908 3585 1135 3647 videtur,
1164 3600 1315 3650 quam
1337 3586 1389 3635 in
1410 3586 1523 3634 aliis

463 3664 790 3729 regionibns;
824 3664 918 3713 sed
951 3671 1123 3713 tamen
1146 3666 1293 3727 cadit,
1311 3676 1409 3713 nec
1434 3663 1525 3711 ali-

466 3748 549 3791 ter
571 3740 881 3801 exprimitur
902 3739 1022 3787 solis
1044 3738 1306 3803 transitus,
1326 3752 1416 3787 sen
1440 3752 1527 3786 ex-

466 3820 662 3865 tremus
683 3816 775 3865 ille
796 3815 915 3865 solis
936 3814 1127 3880 fulgor,
1149 3815 1313 3864 donec
1336 3816 1525 3864 iterum

463 3892 680 3952 oriatur,
703 3901 756 3941 et
779 3892 867 3955 qui
884 3892 939 3941 in
956 3896 1089 3941 ortus
1110 3893 1295 3941 edurat.
1360 3892 1529 3955 Igitur

468 3968 589 4018 dum
613 3969 786 4017 radius
802 3967 1013 4017 cadentis
1026 3970 1139 4017 solis
1154 3976 1345 4029 manet,
1356 3974 1529 4017 extre-

466 4053 583 4093 mus
601 4044 717 4107 ejus
740 4042 911 4107 fulgor
938 4044 1145 4107 edurat,
1183 4045 1315 4095 adeo
1338 4046 1527 4109 clarus,

470 4124 533 4168 nt
552 4120 719 4168 sidera
738 4117 913 4167 noctis
934 4120 1164 4171 hebetet.

537 4190 559 4223 f
591 4192 659 4242 Ut
677 4193 836 4242 sidera
872 4192 1077 4256 hebetet]
1110 4196 1260 4255 Quia,
1295 4196 1407 4245 scil.
1448 4210 1530 4245 so

466 4268 575 4325 lem
592 4276 683 4321 aut
702 4266 958 4335 fulgorem
981 4270 1103 4321 solis
1116 4284 1223 4322 non
1236 4272 1527 4339 abscondit,

1582 1551 1682 1587 nec
1725 1538 1910 1587 coelum
1953 1542 2180 1601 occupat
2232 1535 2416 1586 umbra
2476 1544 2646 1587 terra.

1584 1614 1728 1662 Plut.
1749 1613 1816 1661 de
1833 1614 1998 1678 primo
2017 1612 2252 1677 Frigido:
2283 1615 2298 1642 ‘
2321 1612 2504 1664 Poetae
2529 1628 2651 1665 noc-

1584 1696 1692 1739 tem
1723 1704 1754 1738 e
1789 1696 1931 1739 terra
1960 1695 2136 1739 natam
2173 1686 2492 1751 fabulantur,
2529 1690 2647 1739 Ms-

1584 1766 1872 1828 tbematici‚
1895 1780 2010 1815 esse
2044 1765 2276 1815 umbram
2307 1772 2466 1816 terrie
2498 1778 2650 1831 argu·

1589 1848 1905 1903 mentsntnr,
1926 1840 2200 1891 officientis
2223 1842 2334 1889 soli.
2382 1840 2493 1889 Aer
2513 1841 2650 1891 enim

1592 1931 1623 1966 a
1647 1924 1787 1966 terra
1827 1915 2055 1965 tenebris
2095 1914 2399 1976 offunditur,
2435 1922 2587 1979 prout
2621 1932 2652 1967 a

1594 1996 1704 2044 sole
1725 1994 1842 2043 lnce
1865 1994 2174 2056 completur,
2207 1994 2420 2057 ejusque
2443 2007 2544 2057 qna
2565 2007 2652 2058 pn-

1595 2078 1674 2121 tet
1695 2070 1952 2134 opacitas,
1967 2083 2029 2119 ca
2049 2069 2216 2118 noctis
2237 2077 2320 2118 est
2341 2067 2655 2134 magnitudo,

1595 2154 1844 2212 qnantum
1865 2145 2044 2194 umbra
2067 2152 2221 2194 term
2243 2144 2500 2207 occupat.²

1657 2231 1683 2265 τ
1716 2224 1892 2273 Sonam
1910 2222 2104 2285 insuper
2119 2221 2422 2285 emergentis]
2453 2220 2655 2285 Malim,

1590 2298 1922 2360 unes-gennis.
1957 2298 2092 2347 Nam
2107 2297 2220 2346 baec
2235 2298 2498 2361 persuasio
2514 2297 2655 2348 rudis

1595 2382 1653 2425 et
1681 2388 1848 2424 cascoe
1883 2373 2048 2437 plebis
2083 2372 2200 2435 fuit,
2233 2374 2412 2436 solem,
2445 2374 2568 2425 dum
2599 2374 2655 2424 in

1596 2450 1862 2500 Oceanum
1885 2448 2047 2512 cadit,
2063 2449 2338 2499 stridorem
2357 2448 2536 2513 edere,
2551 2464 2656 2499 non

1595 2527 1750 2577 aliter
1791 2540 1945 2591 quam
1979 2526 2023 2574 si
2059 2524 2280 2590 ignitum
2313 2523 2508 2575 serrum
2539 2540 2657 2575 con·

1597 2602 1750 2651 datur
1771 2602 1825 2650 in
1849 2614 2050 2665 squam.
2111 2598 2298 2649 Strabo
2317 2600 2356 2649 l.
2375 2614 2462 2648 m.
2495 2604 2514 2628 ⁶
2532 2600 2658 2649 'Pra-

1597 2678 1677 2727 dit
1695 2676 2004 2727 Posidonius
2025 2676 2214 2726 multos
2254 2674 2466 2737 referre,
2501 2677 2658 2740 majo·

1599 2768 1706 2802 rem
1726 2752 1968 2802 occidere
1990 2751 2150 2801 solem
2185 2750 2236 2800 in
2269 2750 2564 2815 regionibus
2591 2750 2658 2801 ad

1600 2829 1870 2878 Oceanum
1913 2827 2094 2891 positis
2147 2840 2266 2875 curn
2315 2828 2559 2889 strepitu,
2602 2832 2660 2877 et

1600 2901 1712 2952 fere
1728 2901 1982 2951 stridente
2006 2901 2218 2965 pelag03
2253 2900 2400 2965 qnasi
2421 2902 2553 2964 ignis
2573 2916 2659 2951 ex-

1603 2980 1953 3041 stingueretur
1972 2977 2138 3041 aquis,
2154 2990 2272 3025 cum
2293 2976 2380 3026 ille
2403 2978 2587 3027 incidit
2607 2978 2660 3027 in

1603 3051 1951 3117 profundum!

1669 3128 1848 3177 Florus
1869 3128 1936 3177 de
1957 3128 2178 3179 Decimo
2203 3127 2372 3178 Bruto
2395 3128 2448 3177 in
2471 3126 2662 3193 Hispa·

1603 3202 1702 3251 niis
1723 3202 1980 3252 bellantez
2016 3205 2032 3231 ⁸
2053 3204 2172 3254 Non
2201 3202 2345 3267 prins
2371 3204 2520 3267 signa
2540 3216 2661 3254 con-

1604 3278 1782 3341 vertit,
1816 3293 1964 3343 quam
1998 3278 2270 3328 cadentem
2303 3279 2358 3327 in
2391 3280 2554 3329 maria
2583 3296 2667 3332 so-

1605 3356 1724 3420 lem,
1761 3354 2105 3420 obrutumque
2145 3355 2290 3421 aquis
2329 3356 2522 3421 iguem,
2557 3372 2662 3411 non

1603 3432 1714 3481 sine
1735 3430 1956 3496 quodam
1993 3432 2248 3495 sacrilegii
2282 3439 2424 3483 metu
2459 3442 2516 3485 et
2549 3437 2663 3485 bor·

1605 3522 1738 3571 rore,
1759 3506 2138 3572 deprehendit!
2199 3510 2464 3561 Juvenalis
2484 3511 2664 3563 abillo

1605 3598 1746 3635 sevo:
1786 3582 2018 3633 ‘Audiet
2056 3584 2316 3635 Herculeo
2355 3586 2665 3638 stridentem

1607 3661 1814 3725 gurgite
1837 3660 2034 3712 solem.’
2103 3662 2271 3713 Divus
2292 3662 2665 3728 Hieronymus,

1607 3738 1659 3787 in
1681 3737 1882 3787 Eccles.
1903 3752 1952 3787 c.
1977 3742 2024 3787 1.
2079 3738 2094 3765 ‘
2115 3738 2202 3787 Sol
2236 3738 2366 3801 ipse,
2393 3747 2668 3803 postquam

1607 3812 1872 3863 ardentem
1896 3820 2062 3862 rotam
2080 3813 2296 3862 Oceano
2318 3812 2552 3878 tinxerit,
2571 3826 2670 3880 per

1605 3888 1896 3951 incognitas
1920 3887 2069 3937 nobis
2093 3888 2218 3952 vias,
2237 3888 2302 3937 ad
2325 3889 2514 3955 locum,
2529 3889 2666 3940 unde

1606 3966 1826 4029 exierat,
1848 3964 2174 4029 regreditur?
2228 3964 2436 4028 Lipsius.

1672 4042 1847 4093 δωυηπ
1899 4041 2091 4103 &snper
2141 4042 2424 4101 emergentis
2483 4038 2666 4102 audiri]

1609 4118 1870 4182 Legerim,
1912 4130 1962 4166 se
2003 4114 2288 4177 mergentis.-
2338 4122 2429 4167 ant
2477 4116 2669 4181 potins,

1608 4194 1876 4255 mais.
1938 4190 2183 4240 Pichena.

1675 4269 1807 4319 Cum
1845 4280 1946 4317 non
1981 4266 2052 4316 sit
2093 4266 2146 4318 in
2185 4264 2474 4331 antiquitus
2513 4261 2682 4323 editis»
