3175 4934
577 382 756 451 W

577 544 1003 605 reservatam.
1095 537 1452 605 Credidere
1477 541 1797 625 plerique,
1824 544 2156 609 libertum!
2192 547 2279 611 e‘x
2308 545 2781 615 secretioribus

577 641 978 706 ministeriis·
1033 642 1318 705 missum
1343 658 1352 667 ·
1377 642 1466 707 ad
1521 642 1933 726 Agricolam,
1980 648 2377 726 codicilloS,⁸
2422 650 2665 733 quibus
2714 652 2783 716 ei

579 740 802 824 Syriab
829 742 1132 822 dabatur,
1177 745 1430 822 tulisse,
1481 766 1633 811 cum
1676 756 2038 831 praecepto,
2068 756 2164 825 ut,
2197 752 2257 813 si
2312 753 2380 814 in
2430 752 2785 818 Britannia

575 842 792 921 foret,e
819 845 1256 935 traderentur:
1302 866 1582 930 eumque
1631 850 1934 913 libertum
1980 852 2051 913 in
2096 853 2247 935 ipso
2288 852 2453 917 freto
2494 854 2787 919 Oceani¹¹

1304 398 1372 445 0.
1411 399 1781 447 connssml
1826 400 2084 449 TA01T1

577 1018 680 1067 quoe
706 1004 1099 1067 splendidioribus
1132 1006 1449 1056 consularibus
1479 1009 1695 1070 permitti
1730 1008 1919 1059 solebat.
1986 1011 2341 1061 Brixianam-e
2370 1013 2525 1077 multi,
2554 1014 2787 1065 libere·-

577 1083 640 1118 ιτ
658 1068 877 1117 interiori
897 1070 1005 1117 calu
1018 1071 1268 1133 gratiaque
1287 1072 1478 1121 misum
1499 1087 1613 1121 esse
1634 1076 1699 1122 ud
1712 1074 2005 1137 Agricolam,
2028 1082 2083 1124 et
2104 1076 2269 1125 lita-us
2286 1079 2521 1137 misse,
2537 1080 2707 1141 quibus
2736 1081 2787 1129 ei

577 1130 722 1195 Syria
736 1134 1084 1195 concedebatur,
1105 1150 1210 1183 cum
1241 1137 1462 1185 mundato
1483 1144 1676 1199 tamen,
1696 1144 1749 1187 ut
1772 1138 1821 1186 ei
1848 1142 2077 1189 durentur
2106 1140 2295 1201 litere,
2324 1144 2369 1189 si
2398 1142 2563 1193 adbuc
2584 1150 2709 1193 essee
2728 1146 2811 1193 in·

576 1196 868 1247 Britannia.-
898 1198 1117 1261 iltumquc
1153 1198 1373 1249 tiber-tum
1403 1202 1456 1249 in
1492 1202 1594 1265 ipso
1629 1202 1832 1264 trajectu
1866 1204 2045 1253 Oceani
2076 1207 2329 1255 occurrisse
2358 1207 2621 1271 Agricolae,
2641 1214 2693 1258 et
2722 1221 2784 1259 ne

1567 1340 1781 1391 No'rAE

576 1454 740 1492 ceres.
806 1442 996 1507 Sicque
1023 1442 1133 1506 jam
1173 1442 1309 1491 inter
1339 1445 1541 1507 παύω-ιε
1579 1450 1635 1493 et

576 1519 730 1568 rebus
789 1524 946 1568 antea
995 1520 1171 1582 gestis,
1228 1526 1286 1569 et
1333 1519 1636 1583 dignatione

573 1595 696 1644 talis
730 1594 1006 1657 provinciae
1041 1602 1095 1645 et
1121 1596 1414 1658 triumphali
1443 1594 1633 1647 honore

565 1670 678 1734 jam
715 1671 1027 1721 censebatur
1055 1672 1331 1736 Agricola:
1364 1670 1508 1722 fuere
1543 1688 1633 1722 no·

575 1746 800 1808 biliores,
821 1762 924 1798 non
949 1749 1168 1811 praecise
1189 1748 1402 1810 Μῄονες.

637 1828 661 1865 5
679 1814 964 1887 Ἰλὸσνίιιιιι]
989 1825 1097 1873 Per
1115 1825 1333 1875 libertum
1353 1826 1635 1881 mittebant

570 1898 800 1951 libellum
819 1900 1038 1964 repudii,
1061 1901 1126 1950 de
1147 1916 1248 1967 quo
1271 1902 1463 1967 poeta:
1489 1904 1504 1931 ‘
1519 1904 1634 1953 Col-

569 1976 676 2039 lige
717 1976 1018 2037 sarcinulas,
1060 1978 1251 2027 clamat
1300 1980 1538 2038 libertus,
1577 1988 1635 2030 et

572 2051 694 2101 exi?
747 2051 855 2101 Per
886 2052 1103 2102 liber-timi
1147 2053 1370 2118 principi
1401 2055 1631 2105 libellum

571 2125 784 2178 dabant.
807 2128 842 2177 l.
869 2140 1004 2177 nvn.
1025 2128 1066 2188 §.
1090 2133 1137 2177 1.
1188 2130 1274 2179 De
1299 2130 1402 2179 ritu
1423 2130 1629 2193 nuptia-

569 2216 700 2253 rum.
735 2204 774 2253 1.
797 2216 914 2253 xvl.
952 2204 1026 2255 D.
1061 2203 1127 2253 ‹le
1167 2205 1354 2256 interd.
1387 2213 1442 2255 et
1465 2208 1628 2271 releg-

567 2277 679 2327 Per
713 2278 934 2329 libertum
961 2278 1194 2329 haeredes
1215 2280 1506 2331 recitabant
1528 2290 1629 2332 tes·

567 2361 818 2406 tamenta.
850 2356 995 2405 Suet.
1019 2356 1139 2405 Tib.
1161 2360 1244 2406 23.
1267 2356 1374 2405 Dio
1391 2370 1496 2406 nvi.
1519 2360 1534 2386 ‘
1557 2359 1630 2407 Et

567 2432 694 2493 legit
715 2438 898 2495 postea
933 2438 1292 2481 testamentum
1315 2432 1450 2481 illius
1473 2433 1628 2497 Poly·

566 2507 680 2557 bins
711 2507 917 2572 quidam
948 2507 1322 2557 Caesarianusz’
1355 2510 1446 2558 ubi
1470 2512 1627 2560 Coesu·

565 2584 728 2633 ricinus
779 2584 1022 2633 libertum
1077 2584 1294 2635 Caesaris
1349 2586 1623 2649 significat.

565 2658 674 2706 Per
705 2658 924 2709 libertum
964 2660 1038 2708 rei
1075 2660 1422 2710 defensionem
1453 2663 1625 2711 mitte-

565 2733 694 2783 bant
717 2739 807 2783 aut
831 2734 1122 2784 recitabant
1142 2734 1280 2785 Anu.
1299 2749 1382 2786 ιιι.
1408 2741 1492 2787 18.
1524 2739 1625 2787 Cu-

552 2808 730 2873 jacius
748 2824 873 2860 vm.
899 2809 1118 2879 observ.
1142 2816 1224 2861 26.

627 2884 788 2949 Apud
823 2886 1080 2949 principes
1103 2889 1445 2951 potentissimi
1468 2891 1624 2941 liber-

563 2962 625 3024 ti,
644 2969 702 3011 et
729 2976 900 3011 rerum
921 2962 1140 3012 dominis
1163 2978 1304 3028 saepe
1334 2968 1627 3030 opulentio-

563 3050 664 3096 res.
725 3038 864 3088 Hinc
885 3038 1019 3089 scite
1041 3040 1180 3091 Plin.
1202 3041 1327 3092 Jun.
1344 3042 1396 3091 in
1423 3044 1622 3108 Paneg.

561 3114 578 3141 ‘
604 3112 850 3179 Plerique
906 3116 1218 3181 principum,
1263 3132 1378 3167 cum
1435 3119 1623 3168 civium

559 3197 707 3240 erant
732 3190 1258 3251 domini,libertorum
1283 3200 1434 3241 erant
1451 3194 1624 3243 servi!

559 3266 632 3315 Et
663 3266 868 3315 Seneca
911 3268 966 3316 in
1003 3265 1284 3327 Apocoloc.
1327 3268 1621 3318 Narcissum

558 3338 804 3389 libertum
828 3340 1032 3389 Claudii
1056 3342 1071 3368 ‘
1097 3342 1375 3392 Dominum
1398 3344 1623 3393 Domini'

555 3417 806 3483 appellat.
879 3416 1167 3479 visuum.

621 3502 642 3527 ¹
675 3494 758 3543 Ex
786 3494 1111 3543 secretioribus
1147 3495 1447 3558 ministeriis]
1481 3498 1620 3549 Qua-

555 3570 632 3619 les
654 3576 802 3622 erant
839 3569 1010 3619 liberti
1047 3586 1080 3619 ιι
1109 3572 1298 3633 studiis,
1320 3586 1350 3620 α
1372 3573 1621 3633 voluptati·

555 3646 660 3707 bus,
678 3663 708 3695 a
746 3646 936 3706 libellis,
967 3646 1026 3694 ab
1063 3648 1285 3708 epistolis,
1319 3662 1352 3695 a
1381 3646 1620 3709 moria,

1716 1444 1849 1508 gatis
1904 1444 2233 1509 deferebant,
2284 1446 2453 1497 missia
2506 1446 2787 1517 traditisve

1714 1522 1958 1571 codicillis.

1778 1595 1801 1629 Β
1833 1597 2003 1660 Syria]
2039 1598 2313 1648 Provincia
2346 1596 2509 1661 Syrie
2549 1598 2781 1661 regionis

1716 1670 1779 1720 ad
1806 1685 1947 1721 mare
1968 1672 2271 1735 Syriacum:
2302 1672 2457 1721 hodie
2488 1686 2609 1736 pars
2638 1675 2782 1725 oeci·

1715 1746 1937 1797 dentalis
1974 1744 2305 1809 prefectum
2344 1747 2487 1810 Alep,
2508 1748 2561 1795 in
2592 1748 2783 1798 Souria

1714 1822 1927 1885 regione
1948 1822 2151 1885 imperii
2172 1823 2381 1873 Turcici
2402 1823 2643 1875 Asiatici.
2678 1826 2783 1875 Tit-

1713 1902 1878 1951 lem.
2720 1914 2727 1924 ·

1776 1984 1799 2009 ‘³
1834 1978 1955 2027 Cum
1986 1982 2240 2041 precepto,
2268 1984 2341 2040 ut,
2373 1978 2418 2027 si
2437 1978 2493 2027 in
2508 1978 2782 2030 Britanna:

1700 2051 1857 2114 foret]
1892 2052 2011 2102 Hoc
2032 2052 2169 2112 ideo,
2192 2065 2253 2103 ut
2286 2068 2347 2103 eo
2380 2055 2527 2104 velut
2554 2056 2781 2117 premio

1711 2128 1916 2177 illectus
1959 2127 2227 2192 Agricola,
2270 2130 2335 2179 ab
2373 2131 2615 2179 exercitu
2655 2144 2779 2194 pro-

1708 2202 1979 2267 vinciaque
1998 2203 2281 2253 decederet
2298 2222 2315 2264 3
2336 2204 2475 2268 quod
2496 2204 2779 2254 artificiu-

1709 2278 2059 2339 abstrabendi,
2128 2281 2303 2343 specie
2366 2279 2592 2342 honoris,
2648 2296 2779 2331 sane

1707 2368 1863 2417 quam
1898 2355 2164 2405 usitatum.
2218 2356 2306 2404 Sic
2348 2356 2593 2405 Tiberius
2636 2356 2779 2407 Amr.

1707 2430 1741 2479 l.
1792 2443 1858 2479 ιι.
1920 2430 2285 2481 Germanicum
2341 2430 2518 2495 specie
2566 2432 2780 2483 honoris

1705 2507 1722 2533 ‘
1742 2507 1903 2559 suetis
1926 2506 2213 2571 legionibus
2234 2507 2517 2569 abstralrit‚'
2548 2508 2779 2559 alterum

1707 2583 2028 2632 consulatum
2082 2581 2365 2645 offerendo,
2404 2584 2555 2645 cujus
2596 2584 2781 2635 munia

1706 2672 1935 2722 praesens
1980 2658 2170 2709 obiret.
2260 2660 2557 2725 Eademque
2595 2670 2781 2713 mente

1707 2734 1849 2784 Nero
1886 2733 2025 2799 apud
2062 2735 2280 2785 Dionem
2313 2737 2349 2785 l.
2372 2748 2538 2786 nnn.
2572 2736 2777 2786 Corbu-

1705 2809 1875 2859 lonem
1912 2826 1976 2859 ex
2006 2809 2255 2860 Armenia
2278 2811 2344 2860 ad
2366 2826 2479 2861 sese
2504 2826 2661 2877 quam
2684 2813 2782 2863 ho*

1706 2883 2153 2935 notificentissime
2176 2888 2226 2935 in
2246 2886 2505 2937 Graeciam
2520 2888 2777 2951 amessia

1704 2959 1987 3024 eodemque
2028 2960 2219 3011 Rufum
2258 2976 2322 3011 ac
2360 2962 2641 3011 Proculum
2664 2962 2777 3013 fra·

1703 3040 1811 3084 tres
1852 3050 1919 3083 ex
1964 3036 2259 3099 Germania,
2298 3053 2449 3102 quam
2494 3038 2583 3088 din
2618 3040 2773 3089 simul

1704 3112 2142 3177 administrarant,
2164 3121 2367 3176 evocat,
2404 3122 2648 3181 tanquam
2681 3130 2777 3166 eo·

1701 3203 1813 3238 rnm
1870 3192 2205 3252 praesentium
2260 3206 2421 3254 opera
2486 3192 2775 3255 indigeret.

1699 3265 1820 3315 Jam
1842 3271 1898 3314 et
1920 3264 2093 3315 Galba
2115 3267 2251 3329 apud
2286 3273 2519 3317 nostrum
2552 3268 2698 3317 Hist.
2727 3283 2773 3320 1.

1700 3341 1997 3405 Verginium
2036 3358 2069 3391 a
2102 3343 2409 3406 legionibus,
2425 3342 2609 3407 quibus
2634 3358 2773 3406 pras-

1701 3422 1833 3475 erat,
1870 3414 2081 3465 abducit
2114 3432 2207 3479 per
2246 3418 2622 3466 simulationem
2646 3418 2775 3467 ami-

1701 3490 1853 3541 citiae.
1898 3494 1985 3542 Sic
2010 3494 2099 3543 alii
2131 3510 2270 3555 mort,
2290 3502 2347 3545 et
2368 3496 2653 3545 etiamnum
2674 3496 2775 3546 bo-

1700 3568 1785 3617 die
1808 3570 2155 3632 vulpinautur.
2230 3572 2521 3634 Vis-dangu.

1762 3646 1822 3696 st
1858 3649 1911 3698 in
1954 3650 2237 3713 Britannia]
2286 3651 2360 3699 Ut
2396 3664 2462 3699 ex
2494 3650 2769 3715 provincia

553 3726 637 3785 ξι.
675 3722 739 3771 de
763 3722 950 3786 quibus
983 3722 1324 3773 consulendus
1351 3720 1550 3784 Lipsius
1575 3734 1615 3773 1.
1698 3738 1790 3773 sua
1824 3730 1881 3773 et
1915 3724 2076 3775 suetis
2100 3726 2389 3789 legionibus
2424 3741 2541 3775 enm
2567 3726 2768 3776 abstra-

554 3796 722 3847 Elect.
745 3803 825 3847 12.
1694 3800 1844 3871 heret
1866 3809 2013 3851 tanto
2038 3810 2321 3866 proetextu.
2384 3804 2472 3852 Sic
2500 3810 2556 3853 et
2578 3810 2764 3853 vetera

611 3877 636 3903 ⁸
677 3872 952 3935 Codicillos]
985 3871 1048 3920 Id
1072 3879 1172 3935 est,
1205 3872 1401 3923 literas.
1459 3872 1613 3921 Codi-
1686 3874 1799 3937 jam
1856 3878 2040 3940 repub.
2095 3879 2147 3927 id
2195 3888 2497 3942 usurpatum
2548 3880 2764 3929 Sueten.

553 3947 660 3999 cilli
702 3964 766 3996 ex
809 3949 997 3997 tabulis
1039 3962 1158 3997 cera
1198 3948 1360 4009 illitis,
1401 3948 1493 3997 sed
1537 3950 1612 3997 ita
1691 3950 1801 4000 Jul.
1834 3955 1883 4000 9.
1920 3952 2017 4001 Cn.
2041 3953 2241 4015 Pisoni,
2273 3956 2289 3982 ⁴
2314 3954 2381 4003 ob
2405 3953 2759 4017 suspicionem

553 4024 790 4075 brevibus
813 4032 866 4073 et
893 4024 1068 4087 paucis
1099 4022 1524 4085 conficiebantur,
1551 4033 1611 4074 ut
1690 4026 1900 4079 urbanae
1941 4029 2311 4089 conjurationis
2342 4029 2597 4093 Hispania
2615 4030 2759 4078 ultro

549 4098 704 4149 facile
740 4113 1063 4163 quocumque
1102 4098 1422 4148 commodum
1456 4107 1615 4161 esset,
1692 4109 1843 4151 extra
1864 4102 2092 4153 ordinem
2115 4104 2271 4154 data!
2486 4158 2491 4163 ,

545 4175 869 4234 circumferri
891 4181 943 4223 et
961 4176 1011 4223 in
1031 4174 1146 4224 sinu
1165 4174 1360 4237 gestari
1381 4181 1611 4237 possent.
1754 4177 1779 4211 ἅ
1820 4179 1965 4228 Freto
2008 4180 2209 4243 Oceani]
2266 4181 2367 4231 Ubi
2413 4182 2660 4231 Oceanus
2698 4180 2759 4232 in

546 4250 818 4319 Principes
840 4258 1016 4303 autem
1033 4252 1186 4318 officia
1205 4256 1262 4302 et
1289 4250 1508 4316 imperia
1537 4252 1611 4303 le·
1689 4251 1869 4305 fauces
1902 4254 2125 4321 cogitur,
2150 4256 2229 4307 sic
2258 4262 2321 4315 ut
2355 4257 2495 4308 iuter
2526 4258 2761 4322 Europa
