3175 4934
619 376 793 445 3756

1409 397 1506 445 DE
1553 392 2029 448 ORATORIBUS

1622 630 1667 678 N
1678 628 1833 680 01·AE

619 735 820 785 etiamsi
858 743 1068 787 aetatem
1111 744 1337 787 nostram
1377 752 1478 787 non
1508 740 1681 801 spatio

617 814 916 873 senectutis,
935 814 1025 861 sed
1055 821 1288 877 tempore
1315 816 1680 865 adolescentiae

619 891 908 952 metiamur,
939 892 1145 940 abunde
1169 894 1358 941 multos
1380 892 1444 940 ad
1481 892 1681 941 discen-

621 967 740 1015 dum
765 978 924 1014 anuos
945 966 1171 1016 habent!
1205 970 1273 1017 Et
1299 980 1355 1017 x.
1377 974 1424 1017 6.
1456 970 1471 995 ‘
1499 971 1681 1017 Decla-

619 1042 872 1093 mationes
897 1056 1036 1105 vero,
1059 1044 1236 1107 quales
1275 1044 1326 1091 in
1361 1044 1547 1091 scholis
1571 1045 1682 1091 rbe-

620 1124 790 1165 torum
828 1118 1087 1178 dicnntnr,
1111 1119 1152 1166 si
1177 1118 1329 1167 modo
1365 1127 1482 1167 sunt
1507 1118 1570 1167 ad
1598 1132 1681 1167 ve-

619 1194 826 1243 ritatem
847 1193 1268 1253 accommodatae,
1287 1193 1681 1243 et·orationibus

603 1268 826 1328 similes,
861 1283 963 1318 non
1009 1276 1209 1319 tantum
1255 1270 1375 1319 dum
1431 1270 1682 1319 adolescit

619 1342 906 1407 profectus,
943 1352 1064 1393 sunt
1109 1346 1414 1407 utilissimae,
1455 1362 1566 1410 quu-
1608 1347 1682 1394 in-

617 1423 914 1471 ventionem
953 1430 1009 1470 et
1053 1422 1442 1485 dispositionem
1483 1424 1685 1486 pariter

620 1503 885 1558 exercent,
907 1498 1000 1545 sed
1024 1500 1182 1546 etiam
1207 1513 1320 1547 cum
1343 1510 1426 1547 est
1448 1512 1683 1547 consum-

619 1578 806 1631 matus,
827 1586 887 1619 ac
911 1572 1022 1633 jam
1047 1574 1096 1619 in
1121 1571 1236 1621 furo
1259 1575 1441 1622 clarus.
1509 1574 1683 1624 Alitur

619 1648 757 1695 enim
805 1654 959 1712 atque
1018 1649 1260 1697 enitescit
1305 1650 1450 1697 velut
1489 1650 1681 1712 pabulo

617 1723 817 1773 laetiore
839 1722 1100 1785 facundia,
1136 1732 1193 1773 et
1227 1726 1430 1775 assidua
1467 1733 1682 1775 conten-

620 1800 820 1849 tionum
845 1801 1126 1863 asperitate
1149 1800 1371 1864 fatigata
1389 1810 1681 1853 renovatur.

621 1876 958 1938 Quapropter
979 1876 1204 1925 historia*
1242 1890 1603 1941 nonnunquam
1627 1892 1683 1925 u-

623 1952 794 2001 bertas
817 1953 870 1999 in
897 1953 1065 2017 aliqua
1087 1953 1368 2001 exercendi
1391 1954 1512 2015 styli
1535 1960 1683 2015 purte

621 2031 895 2095 ponenda:
953 2038 1008 2080 et
1065 2032 1382 2095 dialogorum
1439 2034 1685 2083 libertate

620 2108 942 2171 gestiendum
950 2140 1034 2157 .....
1036 2108 1265 2173 Ideoque
1313 2109 1436 2158 mihi
1479 2110 1685 2159 videtur

621 2183 700 2233 M.
723 2184 926 2233 Tullius
958 2190 1157 2232 tantum
1189 2185 1422 2233 intulisse
1443 2185 1684 2250 eloquen-

597 2263 708 2312 siae
732 2264 920 2326 lumen,
939 2262 1074 2327 quod
1097 2262 1148 2310 in
1170 2262 1264 2310 hos
1286 2276 1484 2327 quoque
1518 2262 1681 2310 studi-

619 2352 766 2387 orum
789 2352 1016 2387 secessus
1037 2337 1306 2385 excurrit!
1341 2339 1417 2386 Ex
1443 2352 1544 2401 qno
1566 2338 1685 2386 loco

619 2412 775 2462 etiam
819 2412 996 2475 colligi
1039 2412 1198 2474 possit
1237 2412 1448 2461 Fabium
1483 2428 1683 2461 amasse

619 2486 673 2535 id
716 2500 874 2550 genus
915 2486 1193 2543 scribendi,
1237 2494 1294 2535 et
1337 2488 1683 2550 composuisse

619 2563 878 2626 dialogum
902 2559 966 2611 de
988 2578 1088 2623 qno
1111 2564 1298 2623 agitur.

685 2640 754 2686 Et
777 2651 840 2685 ιι.
861 2640 912 2683 4.
942 2637 956 2662 ‘
983 2636 1116 2683 Nam
1153 2634 1302 2682 fictas
1341 2634 1406 2683 ad
1443 2634 1682 2684 imitatio·

619 2727 737 2761 nem
762 2711 860 2759 fori
883 2710 1312 2772 consiliorumque
1351 2709 1595 2757 materias
1631 2722 1683 2757 a·

619 2789 728 2853 pud
749 2787 966 2837 Graecos
989 2785 1167 2834 dicere
1189 2785 1327 2834 circa
1350 2785 1681 2833 Demetrium

593 2864 933 2915 ..Phalereum
972 2862 1267 2912 institutum
1309 2860 1423 2911 fere
1459 2866 1682 2910 constat.

597 2942 705 2991 -An
729 2942 794 2990 ab
817 2941 930 3003 ipso
951 2940 1003 2989 id
1029 2954 1190 3003 genus
1211 2940 1590 2989 exercitationis
1614 2939 1684 2986 sit

591 3019 888 3067 ·inventum
917 3020 1000 3082 (ut
1039 3017 1140 3065 alio
1162 3030 1363 3081 quoque
1401 3016 1533 3064 libro
1568 3030 1681 3063 sum

621 3093 913 3155 confessus)
935 3108 1112 3157 parum
1153 3094 1406 3156 comperi:
1444 3092 1536 3141 sed
1560 3106 1625 3141 ne
1648 3092 1681 3141 ii

619 3170 846 3235 quidem,
867 3170 956 3233 qui
985 3171 1083 3218 hoc
1107 3168 1385 3217 fortissime
1406 3167 1683 3232 affirmant,

621 3248 730 3296 ullo
772 3247 896 3295 satis
944 3246 1130 3295 idoneo
1173 3251 1386 3293 auctore
1425 3245 1683 3294 nituntur.

544 3356 553 3365 ·
587 3362 598 3373 .
623 3322 835 3371 Latinos
851 3336 974 3369 vero
997 3320 1202 3369 dicendi
1223 3320 1573 3383 praeceptores
1598 3334 1683 3369 ex-

621 3398 798 3446 trem-is
823 3399 882 3447 L.
903 3397 1078 3446 Crassi
1105 3396 1423 3460 temporibus
1447 3394 1685 3459 coepisse,

621 3473 810 3522 Cicero
845 3480 1026 3521 auctor
1063 3472 1181 3531 est‚'
1219 3474 1315 3521 ἃς.
1381 3472 1531 3523 Quod
1555 3472 1685 3521 dicit

593 3592 598 3597 .
621 3547 692 3596 ibi
715 3547 781 3597 de
802 3548 896 3595 alio
917 3548 1056 3607 libro,
1087 3546 1205 3608 boc,
1229 3554 1286 3595 ut
1309 3554 1456 3611 puto,
1495 3548 1685 3596 iutelli-

623 3623 704 3687 git
741 3622 808 3671 de
844 3622 1055 3685 dialogo
1096 3628 1286 3671 nostro.
1351 3622 1456 3671 Sed
1479 3638 1542 3672 ea
1565 3638 1684 3687 pars

622 3698 738 3749 libri
761 3696 880 3747 fatis
903 3696 1132 3747 adversis
1157 3697 1452 3761 intercepta
1477 3706 1575 3748 est.

687 3776 772 3824 Sic
795 3782 966 3824 autem
991 3780 1047 3822 et
1069 3775 1244 3823 laudat
1263 3775 1534 3838 magistros
1559 3778 1683 3826 artis

622 3851 1014 3914 flamingorum,
1042 3848 1428 3915 Apollodorum,
1461 3859 1517 3900 et
1554 3854 1682 3902 alios

619 3928 842 3987 similes;
879 3928 954 3975 sic
977 3934 1032 3975 et
1057 3925 1236 3989 poetas
1260 3927 1478 3976 Heroici
1502 3931 1681 3977 carmi·

593 4004 720 4065 -nis,
759 4004 970 4053 eosdem
1009 4004 1278 4065 Tragicos,
1326 4004 1590 4066 Satyricos
1628 4013 1685 4054 et

623 4080 836 4145 Lyricos
873 4088 1139 4129 memorat.
1205 4078 1290 4127 Sic
1319 4086 1374 4128 et
1398 4078 1683 4141 historicos,

619 4157 702 4206 sic
741 4162 798 4205 et
831 4156 1175 4219 philosophos,
1211 4162 1264 4203 et
1303 4161 1532 4205 oratores
1553 4158 1685 4205 anti-

621 4234 830 4299 quiores
873 4232 1138 4295 utriusque
1179 4230 1386 4295 lingue,
1427 4232 1588 4282 etiam
1630 4240 1686 4282 et

1760 744 1933 792 saeculi
1961 742 2229 805 Augustei,
2270 750 2378 791 tum
2410 748 2465 791 et
2503 742 2578 791 sui
2602 744 2739 805 aevi3
2778 750 2837 793 et

1760 821 1924 868 simile
1966 820 2075 869 fere
2120 819 2395 867 discrimen
2441 819 2595 869 affert
2632 820 2837 883 judieii

1758 897 1962 945 illorum
1998 902 2275 956 oratorum,
2308 910 2371 943 ue
2404 896 2707 956 voluntatis,
2736 910 2841 943 seu

1760 972 2155 1035 compositionis.
2222 974 2311 1020 Sic
2336 978 2389 1020 et
2414 971 2478 1019 de
2502 971 2717 1034 poetico
2740 970 2839 1019 de-

1758 1062 1897 1109 core,
1933 1062 2085 1111 quem
2124 1048 2387 1111 praecipue
2410 1047 2697 1110 captabant
2730 1048 2839 1095 hoe

1760 1138 1874 1172 aevo
1898 1124 2097 1187 diserti,
2138 1124 2313 1173 tradit.
2376 1124 2465 1173 Sic
2486 1138 2609 1185 ergo
2634 1122 2702 1171 de
2724 1137 2840 1170 ma-

1763 1200 1938 1262 gistris
1970 1199 2097 1249 artis
2136 1199 2315 1251 Quint.
2340 1211 2430 1247 m.
2452 1200 2497 1247 1.
2550 1200 2564 1224 ‘
2594 1198 2747 1245 Adeo
2772 1204 2841 1245 ut

1762 1275 2105 1339 Apollodorus
2126 1280 2399 1325 contentus
2420 1274 2540 1323 solis
2563 1273 2839 1337 =judiciali-

1764 1352 1859 1401 bus
1880 1350 2073 1401 fuerit!
2124 1354 2193 1400 Et
2215 1350 2375 1399 insta:
2408 1354 2425 1379 ‘
2450 1350 2731 1411 Praecipue
2758 1354 2840 1396 ta-

1760 1443 1879 1478 men
1899 1430 1949 1477 in
1972 1444 2029 1477 se
2042 1433 2411 1477 converterunt
2426 1426 2597 1474 studia
2620 1425 2843 1488 Apollo-

1762 1503 1916 1553 dorus
1968 1506 2341 1567 Pergamenus,
2384 1502 2474 1566 qni
2526 1510 2839 1565 praeceptor

1763 1578 2056 1642 Apolloniae
2098 1580 2317 1628 Caesaris
2354 1578 2575 1641 Augusti
2606 1575 2732 1633 fuit,
2776 1583 2838 1626 et

1758 1656 2061 1706 Theodorus
2100 1656 2405 1717 Gadareus:
2438 1668 2593 1719 quem
2628 1654 2840 1703 audiv-it

1758 1732 2001 1781 Tiberius
2022 1732 2199 1782 Caesar
2222 1731 2359 1795 apud
2384 1730 2643 1781 Rhodum.
2716 1733 2733 1757 ²
2758 1730 2835 1779 Hi

1758 1808 1989 1858 diversas
2005 1810 2272 1872 opiniones
2287 1808 2639 1868 tradiderunt,
2652 1810 2840 1871 appel-

1760 1884 1953 1948 latique
1974 1885 2096 1934 inde
2116 1886 2447 1949 Apollodorei
2465 1892 2521 1933 et.
2532 1886 2834 1935 Theodorei

1763 1962 1908 2009 ...sed
1935 1960 2237 2023 Apollodori
2270 1970 2539 2025 praecepta
2560 1963 2730 2026 magis
2762 1978 2835 2012 ex

1759 2034 2033 2099 discipulis
2052 2037 2365 2099 cognoscas‚'
2388 2041 2485 2087 διο.

1826 2110 1915 2161 Sic
1946 2112 2013 2161 de
2049 2114 2377 2176 Hermagora
2412 2126 2499 2162 ιιι.
2544 2118 2593 2161 1.
2642 2113 2661 2139 ‘
2682 2113 2838 2162 Fecit

1760 2186 1951 2237 deinde
1994 2188 2135 2237 velut
2178 2189 2437 2253 propriam
2478 2188 2836 2253 Hermagoras

1762 2264 1921 2325 viam,
1942 2279 2095 2328 quam
2134 2265 2340 2327 plurimi
2373 2272 2490 2314 sunt
2512 2266 2709 2315 secuti:
2750 2268 2837 2314 cui

1763 2339 1985 2388 maxime
2020 2354 2117 2403 pur
2157 2348 2315 2403 atque
2364 2341 2576 2389 aemnlus
2618 2340 2837 2390 videtur

1766 2416 2047 2465 Athenaeus
2069 2414 2259 2466 finisse!
2314 2418 2400 2466 Sic
2423 2424 2476 2466 et
2499 2417 2567 2465 de
2590 2415 2836 2466 differen-

1766 2492 1839 2540 tia
1870 2498 2131 2537 oratorum
2162 2504 2212 2536 x.
2236 2497 2303 2549 2„
2322 2496 2338 2519 ⁸
2363 2492 2501 2541 Quid
2533 2500 2711 2540 tamen
2745 2507 2837 2543 no·

1764 2569 1871 2623 cet,
1892 2563 1993 2610 vim
2016 2564 2258 2625 Caesaris,
2282 2566 2618 2627 asperitatem
2658 2568 2835 2627 Caelii,

1762 2636 2082 2699 diligentiam
2107 2638 2374 2699 Pollionis,
2386 2638 2645 2702 judicium
2680 2642 2835 2690 Calvi

1762 2712 2067 2774 quibusdam
2098 2713 2151 2760 in
2174 2713 2299 2761 locis
2338 2715 2654 2762 assumere?
2688 2718 2833 2767 Quid

1762 2788 1975 2837 similius
2010 2789 2113 2837 dici
2150 2790 2342 2853 possit?
2372 2789 2507 2838 Vide
2543 2806 2673 2853 crgo
2705 2792 2835 2842 dial.

1760 2878 1876 2927 cap.
1894 2868 1976 2914 25.

1825 2941 1911 2989 Sic
1936 2947 2107 2990 autem
2130 2946 2187 2989 et
2206 2940 2273 2987 de
2292 2940 2835 2990 calamistris‘hiaece·

1762 3017 1899 3065 natis
1922 3016 2148 3068 Quintil.
2172 3016 2205 3063 l.
2229 3028 2307 3064 tx.
2330 3020 2380 3064 4.
2412 3020 2428 3042 ‘
2446 3018 2835 3077 Transgressio·

1762 3106 1856 3140 nes
1880 3127 1893 3140 .
1910 3129 1921 3142 .
1940 3126 1979 3141 ..
1998 3093 2155 3140 etiam
2190 3093 2565 3155 compositione
2604 3094 2831 3155 vitiosae,

1764 3182 1881 3233 (μιν.
1904 3170 1957 3217 in
1980 3170 2076 3217 hoc
2098 3168 2262 3231 ipsum
2298 3174 2564 3231 petuntur,
2588 3176 2643 3215 nt
2686 3168 2833 3217 exul-

1764 3251 1881 3294 tent
1923 3253 2079 3310 atque
2135 3244 2441 3291 lasciviant:
2495 3243 2672 3307 quales
2724 3244 2831 3293 illae

1764 3320 2092 3381 Ida-cenatus,
2146 3320 2255 3368 Sole
2316 3324 2363 3367 et
2426 3332 2597 3367 amm
2660 3319 2831 3368 rubeni

1756 3398 1981 3461 plurima.
2052 3398 2185 3446 later
2203 3410 2339 3444 sacra
2362 3398 2505 3444 morit
2526 3412 2647 3459 oque
2656 3396 2831 3455 sna-f-

1761 3488 1859 3523 πω.
1942 3474 2020 3521 Ne
2072 3472 2291 3535 exequias
2342 3471 2529 3533 quidem
2580 3487 2705 3519 unns
2758 3472 2835 3519 in·

1764 3555 1839 3598 ter
1878 3533 2163 3598 miserrimos
2196 3549 2402 3595 viderem
2444 3562 2587 3595 meus.
2665 3548 2829 3598 Quod

1762 3624 1902 3674 inter
1934 3626 2046 3673 haec
2070 3624 2346 3687 pessimum
2380 3628 2479 3683 est,
2514 3624 2632 3686 qnia
2674 3625 2728 3671 in
2770 3638 2829 3673 ne

1764 3701 1901 3749 tristi
1938 3698 2075 3748 ludit
2114 3698 2453 3760 compositio!
2518 3700 2588 3746 Et
2625 3700 2657 3746 Ι.
2686 3712 2749 3746 n.
2774 3706 2827 3747 5.

1762 3776 1778 3803 ‘
1802 3774 1979 3840 Atque
2012 3776 2172 3824 etiam
2204 3774 2293 3837 qui
2326 3774 2505 3836 specie
2524 3775 2829 3837 capiuntur,

1764 3854 1920 3900 vulsis
1944 3851 2227 3913 levatisque
2244 3858 2301 3897 et
2322 3850 2516 3898 inustas
2536 3863 2707 3897 comus
2724 3866 2827 3899 acu

1762 3926 2099 3986 comentibus,
2124 3931 2180 3973 et
2194 3938 2293 3973 uon
2316 3940 2409 3973 suo
2432 3926 2603 3973 colore
2626 3926 2829 3987 nitidis,

1764 4004 1880 4065 plus
1900 4018 2013 4050 esse
2038 4001 2215 4049 formae
2252 4009 2457 4065 putant,
2477 4016 2627 4065 quam
2655 4004 2827 4065 possit

1764 4080 1989 4127 tribucre
2027 4079 2325 4141 incorrupta
2366 4083 2575 4125 nature:
2613 4084 2671 4125 ut
2710 4080 2829 4141 pul·

1762 4154 2004 4203 chr-itudo
2042 4154 2273 4215 corporis
2296 4152 2473 4201 venire
2492 4151 2737 4201 videatur
2758 4166 2829 4203 ex

1762 4230 1907 4279 malis
1928 4222 2190 4279 mstlbus!
2246 4229 2379 4277 Vide
2398 4228 2523 4278 dial.
2542 4242 2587 4278 c.
2606 4232 2690 4277 ²0.
