3175 4934
1355 439 1424 491 0.
1471 437 1837 490 connum!
1885 437 2139 487 TAcrrl

1604 718 1816 771 NOTAE

613 899 747 943 turae
791 897 917 942 nata
963 891 1341 956 intelliguntur.
1407 893 1523 944 Nee
1565 897 1673 943 tam

613 984 750 1020 vana
764 976 854 1018 aut
869 969 1080 1030 insulsa,
1094 977 1150 1018 ut
1163 977 1372 1034 putant,
1389 971 1675 1034 responsio,

614 1061 771 1110 quam
793 1059 924 1094 uuus
958 1060 1022 1093 ex
1047 1045 1495 1110 Gymnosophistis
1530 1046 1676 1095 dedit

615 1122 770 1172 Alex.
794 1123 1007 1186 Magno,
1029 1135 1165 1182 cum,
1199 1128 1330 1172 teste
1353 1123 1496 1172 Plut.
1516 1123 1676 1171 iuter-

613 1200 842 1264 roganti,
875 1213 942 1250 an
987 1198 1089 1247 dies
1123 1213 1186 1248 au
1219 1214 1314 1248 nox
1350 1199 1491 1263 prior
1526 1199 1676 1248 exiti·

614 1275 784 1337 tisset,
813 1276 929 1335 dies,
961 1275 1149 1340 inquit,
1179 1291 1270 1324 uno
1291 1276 1368 1324 die
1401 1275 1534 1339 prior
1549 1275 1676 1333 suit.

616 1351 831 1416 Quippe
865 1359 1009 1403 certe
1041 1353 1175 1402 diem
1209 1358 1548 1416 precesserat
1580 1366 1678 1400 nox

615 1434 814 1478 oeterna
855 1429 945 1478 illa
981 1429 1269 1494 ingensque
1312 1435 1366 1477 et
1405 1429 1676 1488 immensa,

619 1517 775 1567 quam
807 1504 897 1552 lux
929 1518 1061 1552 nova
1085 1511 1140 1553 et
1175 1517 1354 1553 recens
1377 1509 1556 1552 creata
1575 1502 1679 1552 dis-

618 1581 795 1629 cussit.
865 1581 936 1629 Et
975 1581 1084 1629 dies
1125 1580 1335 1644 proprie
1373 1586 1538 1642 certe,
1587 1595 1679 1629 seu

616 1655 730 1718 lux,
767 1656 912 1719 prior
943 1653 1047 1705 fuit
1084 1671 1184 1705 uno
1223 1657 1326 1718 die,
1365 1670 1514 1720 quam
1553 1669 1681 1705 vera

613 1743 742 1792 nox,
762 1736 822 1779 ut
842 1731 1162 1795 concipimus
1183 1738 1408 1795 noctem,
1435 1737 1491 1780 et
1522 1737 1581 1780 ut
1604 1743 1682 1779 re-

617 1819 747 1856 vera
782 1807 836 1855 in
875 1821 930 1855 se
966 1813 1061 1858 est.
1129 1807 1267 1856 Nam
1305 1821 1370 1857 ea
1401 1820 1526 1857 vera
1556 1821 1679 1869 uox,

620 1897 741 1947 quoe
767 1883 992 1947 privatio
1025 1883 1130 1934 diei
1166 1890 1222 1933 et
1251 1884 1380 1933 lucis
1415 1889 1515 1945 est,
1554 1897 1681 1932 vera

619 1973 745 2022 nox,
776 1975 894 2025 quae
923 1959 1213 2024 concipitur
1245 1965 1541 2023 comparate
1563 1973 1681 2008 cum

618 2035 758 2099 luce,
773 2051 888 2100 quae
901 2035 1057 2086 habet
1071 2051 1213 2086 suum
1232 2037 1482 2085 luminare
1499 2034 1685 2096 miuus,

621 2119 679 2163 et
721 2129 838 2179 quae
881 2114 1148 2163 absentem
1193 2114 1355 2162 solem
1400 2113 1683 2177 supponit;

623 2189 763 2254 quod
800 2203 902 2237 uon
938 2189 1168 2252 reperias
1200 2189 1252 2235 iu
1283 2188 1372 2236 illa
1405 2194 1559 2235 nocte
1592 2187 1684 2235 im-

619 2277 818 2324 mensa,
847 2277 962 2326 quae
983 2263 1150 2311 lucem
1185 2268 1240 2311 et
1269 2263 1585 2310 creationem
1609 2275 1688 2310 or-

621 2336 705 2386 bis
765 2343 1106 2400 naturamque
1167 2349 1340 2384 rerum
1393 2337 1683 2399 praecessit.

624 2412 759 2464 Quas
792 2426 896 2461 nox
934 2411 1037 2460 fuit
1072 2419 1273 2462 tantum
1309 2423 1439 2476 pura
1478 2414 1686 2475 negatio

619 2487 784 2548 lucis3
817 2501 919 2536 nou
943 2487 1185 2551 privatio,
1217 2503 1330 2553 quae
1362 2488 1573 2552 proprie
1597 2503 1687 2551 op-

623 2563 801 2628 posita
818 2563 926 2613 luci
949 2562 1054 2612 dici
1076 2570 1167 2612 aut
1186 2563 1404 2627 cogitari
1428 2563 1615 2627 potuit,
1629 2571 1685 2613 et

625 2653 744 2704 quoe
777 2653 878 2687 non
911 2653 1033 2699 nox,
1062 2645 1240 2688 nostro
1279 2639 1431 2687 modo
1461 2638 1687 2702 concipi-

626 2714 767 2776 endi,
797 2715 887 2763 sed
911 2715 1032 2764 nihil
1067 2713 1184 2763 fuit.
1249 2713 1368 2764 Jam
1405 2721 1520 2781 post
1541 2727 1687 2763 crea·

623 2795 708 2840 tas
731 2803 830 2853 res,
849 2798 940 2840 aut
961 2788 1116 2839 etiam
1140 2789 1424 2852 indefinite,
1447 2805 1562 2839 cum
1583 2804 1687 2839 non

624 2865 975 2928 concipiamus
991 2866 1125 2914 diem
1143 2875 1231 2915 aut
1249 2866 1434 2927 iucem,
1450 2867 1549 2915 uisi
1565 2867 1689 2934 quia

625 2943 958 3006 praecesserit
972 2958 1094 3006 nox,
1116 2943 1211 2992 nlsi
1226 2942 1345 3007 quia
1364 2951 1477 2991 orta
1491 2943 1581 2991 lux
1602 2947 1691 2991 aut

627 3019 724 3082 sol,
760 3019 904 3082 quasi
941 3033 1006 3068 ex
1043 3019 1272 3068 tenebris
1307 3027 1364 3069 et
1386 3033 1413 3067 e
1437 3017 1689 3082 profundo

625 3094 814 3156 noetis,
836 3095 979 3144 velut
1011 3111 1074 3144 ex
1109 3105 1280 3155 utero,
1313 3111 1380 3145 ex
1403 3111 1505 3164 quo
1526 3094 1689 3146 effun-

627 3169 862 3232 deretur,
898 3171 1019 3219 hinc
1055 3179 1156 3230 est,
1195 3171 1331 3232 quod
1363 3173 1693 3235 supputando

627 3249 888 3306 tempora,
943 3246 1263 3308 concipimus
1307 3254 1519 3294 noctem
1562 3261 1693 3308 prae·

628 3319 880 3378 cessisse3
915 3319 1135 3382 ideoque
1153 3320 1271 3369 hinc
1295 3326 1530 3383 tempora
1552 3327 1694 3370 vete-

627 3395 769 3445 ribus
791 3395 975 3456 Gallis,
998 3395 1284 3457 Germanis,
1307 3405 1360 3444 et
1384 3397 1498 3445 aliis
1522 3399 1689 3460 genti-

628 3469 730 3520 bus
753 3471 827 3521 sic
861 3472 1164 3532 constituta,
1189 3473 1406 3533 indicta,
1445 3479 1501 3522 et
1521 3473 1687 3538 desig-

628 3555 758 3598 nata
795 3561 893 3611 per
925 3552 1080 3596 noctes
1104 3548 1376 3598 videntur:
1415 3547 1547 3612 quod
1572 3563 1691 3597 con·

628 3622 900 3674 firmavere
945 3638 1113 3672 mores
1157 3626 1406 3689 ritusque,
1455 3623 1592 3672 forte
1637 3631 1693 3673 et

630 3699 818 3764 religio
875 3707 1094 3762 patrum.
1177 3701 1397 3752 Quintil.
1455 3701 1588 3750 deci.
1645 3707 1695 3750 4.

631 3773 816 3824 ‘Deus
853 3777 984 3835 haec,
1025 3777 1171 3824 Deus
1208 3773 1490 3825 fabricator
1525 3775 1698 3837 operis

631 3845 980 3912 univer-siser(
1003 3853 1094 3900 ilia
1125 3851 1239 3900 rudi
1271 3853 1536 3914 primaque
1581 3852 1700 3900 caii·

633 3926 757 3991 gine
796 3933 1139 3990 protractum,
1183 3928 1355 3990 posuit
1392 3929 1445 3976 in
1477 3928 1699 3990 vultum,

635 4003 850 4068 digessit
870 4003 920 4052 in
947 4005 1155 4069 partes‚'
1179 4011 1276 4054 ὅτε.

702 4079 797 4129 Sed
817 4078 1049 4141 noctium]
1099 4079 1160 4127 ld
1200 4095 1230 4126 a
1265 4079 1478 4128 Francis
1513 4080 1699 4128 nostris

637 4161 696 4206 et
717 4153 831 4208 aliis
853 4155 1056 4219 populis
1087 4153 1587 4218 Septentriouaiibus
1609 4155 1698 4206 ob-

639 4237 899 4283 servatum
935 4237 1160 4280 testatur
1190 4231 1275 4281 lex
1310 4232 1479 4281 Salica
1501 4232 1587 4280 tit.
1612 4237 1696 4283 8¹7.

641 4305 839 4360 &nrt-
859 4305 1033 4359 Oaroii
1058 4308 1241 4378 Magni
1262 4323 1356 4374 pro
1379 4309 1698 4364 Mouasterio

1756 891 1808 942 S.
1822 887 2067 952 Dionysii
2080 883 2218 951 apud
2230 883 2551 935 Doubletum
2568 896 2687 946 pag.
2698 884 2818 934 709.

1754 968 1768 993 ‘
1792 965 1847 1015 Si
1872 965 1986 1031 quis
2007 979 2129 1014 vero
2150 969 2333 1013 contra
2368 966 2635 1024 praecepta
2672 969 2818 1008 ante·

1757 1041 1947 1090 riorum
1969 1053 2169 1102 regum,
2192 1038 2273 1084 vel
2298 1042 2491 1094 nostra,
2524 1032 2717 1098 aliquid
2740 1031 2820 1082 fa·

1756 1131 1877 1168 cere
1896 1119 1975 1167 vel
1995 1115 2256 1165 contraire
2276 1111 2517 1170 volucrit,
2552 1115 2675 1158 tunc
2690 1109 2820 1158 Mis·

1758 1209 1843 1243 sus
1866 1199 2060 1256 noster,
2090 1193 2173 1242 vel
2198 1189 2431 1250 Comitis,
2464 1201 2621 1250 super
2638 1193 2823 1236 noctes

1754 1270 1940 1334 viginti
1964 1284 2065 1318 uua
2086 1274 2207 1316 aute
2230 1281 2321 1315 nos
2344 1280 2438 1328 per
2461 1263 2685 1313 bannum
2706 1277 2825 1312 uos-

1758 1353 1895 1397 trum
1927 1345 2107 1394 venire
2130 1343 2289 1392 faciat
2311 1343 2361 1390 in
2387 1341 2615 1390 rationes
2638 1347 2822 1390 contra

1757 1421 1942 1470 Missos
1983 1419 2150 1469 sancti
2202 1416 2436 1481 Dionysii
2481 1425 2537 1465 et
2578 1415 2824 1465 Foleradi

1757 1495 2012 1546 Abbatis:
2094 1495 2235 1554 Nox,
2275 1493 2445 1544 oneris
2488 1497 2579 1542 aut
2620 1493 2825 1542 servitii

1760 1576 1980 1638 species.
2064 1574 2391 1623 Tabiriarium
2436 1571 2602 1620 sancti
2640 1571 2823 1622 Vitoni

1758 1651 2099 1702 virdunensis
2119 1666 2132 1700 τ
2166 1653 2181 1679 ‘
2206 1650 2401 1699 Census
2418 1648 2484 1698 de
2500 1647 2615 1697 aliis
2631 1648 2823 1696 mansis

1762 1734 1817 1776 et
1840 1727 1905 1776 de
1941 1726 2207 1790 sedilibus,
2245 1741 2363 1790 quae
2396 1733 2519 1774 suut
2555 1725 2610 1774 in
2646 1730 2821 1774 monte

1760 1803 1932 1854 sancti
1948 1803 2129 1852 Vitoui
2148 1809 2202 1850 et
2213 1802 2452 1864 virduni,
2468 1801 2633 1865 pullos
2646 1807 2703 1850 et
2724 1815 2825 1849 ova

1763 1879 1828 1929 ad
1853 1881 2072 1942 Pascha,
2094 1886 2152 1929 et
2186 1877 2522 1928 festivitatem
2547 1877 2713 1927 sancti
2734 1875 2827 1924 Vi-

1764 1957 1891 2020 toui,
1927 1961 1984 2006 et
2017 1955 2083 2005 ad
2120 1956 2450 2006 nativitatem
2487 1953 2721 2013 Domini,
2754 1951 2821 2002 de

1760 2032 1967 2097 integro
1988 2047 2167 2082 manso
2196 2045 2397 2080 carrum
2433 2028 2718 2090 dimidium,
2756 2026 2823 2076 de

1764 2124 2043 2173 carropera
2064 2113 2143 2158 20.
2166 2109 2284 2157 deu.
2300 2115 2477 2156 noctes
2502 2109 2580 2154 15.
2606 2104 2659 2153 iu
2680 2103 2823 2152 Maio

1762 2186 1913 2233 homo
1934 2185 2002 2234 de
2034 2184 2210 2247 capite
2248 2198 2339 2232 suo
2378 2189 2561 2231 tenens
2598 2179 2829 2242 terram,'

1764 2261 1863 2308 dcc.
1902 2257 2161 2308 Abrabam
2196 2258 2547 2307 Eccheueusis
2584 2259 2635 2305 iu
2669 2257 2827 2306 histo·

1766 2335 1847 2383 ria
1863 2332 2093 2384 Arabum
2115 2350 2162 2385 c.
2188 2339 2275 2384 11.·
2287 2333 2691 2383 vetustissimum
2710 2345 2827 2384 esse

1765 2409 1995 2460 Arabum
2019 2412 2315 2461 institutum
2337 2411 2534 2472 scribit,
2554 2410 2607 2458 in
2628 2410 2827 2459 ratione

1765 2491 2078 2550 temporum,
2088 2501 2191 2535 nou
2202 2487 2321 2548 dies,
2335 2486 2426 2535 sed
2443 2491 2600 2535 noctes
2615 2492 2829 2550 μυῖαι-ες

1766 2566 1931 2629 cujus,
1952 2566 2137 2631 inquit,
2170 2567 2303 2616 ratio
2334 2573 2435 2628 est,
2472 2567 2613 2633 quod.
2644 2581 2675 2614 a
2706 2579 2829 2616 neo-

1772 2641 1945 2689 menia
1980 2657 2097 2691 suas
2132 2644 2525 2706 supputationes
2559 2641 2829 2691 exordian-

1772 2722 1877 2779 tur,
1889 2722 1944 2766 et
1960 2717 2130 2766 lunam
2154 2719 2321 2766 noctis
2334 2718 2593 2767 dominam
2616 2732 2832 2781 sequan-

1774 2797 1881 2854 tur,
1918 2807 1980 2842 ac
2001 2793 2186 2842 ducem
2204 2793 2259 2841 iu
2280 2793 2381 2843 hoc
2400 2793 2609 2842 habeut.
2674 2793 2832 2844 Crea-

1773 2868 1928 2918 tionis
1947 2882 2077 2934 opus
2092 2869 2251 2919 etiam
2275 2885 2307 2918 a
2322 2882 2536 2932 vespere
2555 2867 2835 2930 incepisse,

1772 2960 1837 2994 ex
1860 2946 1939 2994 his
1963 2960 2221 2996 sacrarum
2246 2946 2511 2995 literarum
2538 2943 2705 2993 verbis
2728 2942 2835 2993 col-

1769 3019 1941 3084 ligunt
1956 3037 1971 3071 ι
2001 3023 2017 3050 ⁴
2033 3023 2250 3072 Factum
2262 3029 2343 3072 est
2362 3036 2579 3086 vespere
2592 3029 2648 3069 et
2662 3032 2835 3082 mane,

1770 3095 1884 3145 dies
1908 3097 2074 3146 unus.'
2123 3098 2210 3148 Ab
2231 3099 2356 3148 hora
2377 3098 2602 3161 septima
2624 3109 2835 3158 vesper·

1774 3172 1886 3220 tina
1917 3172 2237 3235 incipiebant
2260 3175 2431 3226 sudaei
2452 3174 2587 3222 diem
2623 3183 2835 3236 sequen-

1774 3255 1897 3296 tem.
1962 3249 2032 3298 Et
2052 3249 2164 3297 haec
2187 3249 2322 3297 ratio
2345 3249 2594 3311 Arabum,
2625 3249 2726 3296 fuit
2748 3262 2835 3296 ea-

1776 3321 1913 3385 dem,
1949 3337 2062 3386 quae
2086 3323 2477 3372 Germanorum.
2545 3324 2619 3372 Hi
2640 3323 2835 3386 quippe

1768 3397 2003 3460 inprimis
2046 3399 2218 3448 lunam
2262 3413 2446 3448 novam
2499 3395 2837 3459 affectabant,

1772 3487 1889 3536 quae
1932 3475 2102 3523 noctis
2142 3474 2319 3538 regina
2362 3481 2417 3524 et
2452 3473 2698 3538 spientim·
2734 3479 2834 3521 est.

1772 3547 1922 3597 Idem
1944 3549 2225 3599 obtinuisse
2241 3550 2293 3598 iu
2312 3550 2497 3611 Anglia
2511 3549 2603 3597 sub
2626 3547 2835 3610 regibus

1782 3625 2277 3689 Auglo·Saxonibus‚
2325 3627 2478 3675 docet
2521 3623 2836 3674 conciliabu-

1778 3701 1883 3752 lum
1925 3701 2303 3752 Clovesboiinse
2352 3714 2434 3750 au.
2468 3704 2583 3749 824.
2617 3701 2633 3727 ‘
2656 3701 2726 3748 Et
2760 3697 2837 3748 ibi

1779 3775 1925 3826 finita
1960 3785 2025 3830 et,
2056 3777 2348 3839 proscripta
2384 3776 2473 3824 iila
2504 3774 2839 3823 contentione

1781 3865 1956 3900 coram
1979 3853 2238 3916 Episcopo
2264 3859 2380 3913 post
2402 3855 2479 3900 30.
2502 3856 2681 3900 noctes
2693 3851 2839 3914 jura-

1780 3935 2007 3978 mentum
2050 3937 2103 3977 to
2142 3929 2516 3992 westmynstrc
2556 3927 2841 3977 deductum

1780 4005 1898 4053 est.'
1976 4005 2080 4055 Sub
2139 4005 2181 4053 N
2191 4005 2445 4054 ormaunis
2498 4018 2639 4068 vero,
2694 4005 2839 4067 leges

1782 4079 1995 4129 Henrici
2024 4081 2065 4128 1.
2108 4097 2154 4129 c.
2178 4085 2257 4130 66.
2284 4085 2363 4130 76.
2430 4081 2533 4130 Sed
2568 4087 2622 4129 et
2656 4079 2837 4131 etiam-

1780 4170 1899 4203 num
1922 4155 2175 4217 Seunight,
2197 4157 2472 4218 fortuma,
2505 4157 2541 4205 i.
2565 4170 2611 4205 e.
2634 4161 2837 4218 septem

1778 4235 1978 4293 noctes,
2018 4233 2408 4296 quatuordecim
2446 4237 2641 4292 noctes,
2676 4229 2840 4292 magis

1779 4309 1971 4360 usitate
1986 4309 2187 4374 dicunt,
2203 4323 2355 4379 quam
2376 4319 2577 4376 septem
2592 4307 2720 4374 dies,
2736 4310 2839 4360 310.
