3175 4934
524 361 705 429 8414

1220 376 1285 425 G.
1332 377 1525 425 GORN
1538 377 1691 425 ΕΒΗ
1753 377 2009 425 ΤΔΟΙΤΙ

527 518 681 603 que¹¹
713 521 1037 585 Deorum²
1084 526 1150 584 et
1193 520 1418 585 radios
1474 520 1716 604 capitis
1764 521 2006 604 aspici,
2066 520 2416 604 persuasio
2471 520 2726 607 adjicit·

525 706 653 751 tem
674 700 833 750 audiri
852 714 1064 751 sonorem
1084 701 1386 761 manentis
1414 702 1553 763 solis,
1579 702 1844 765 speciesque
1869 702 2082 751 Deorum
2099 702 2270 765 videri,
2287 707 2336 751 et
2355 702 2516 751 rodi-n
2533 701 2728 765 ospitis·

1448 844 1770 864 OO‘OOO‘OOOO

524 957 649 993 vero
686 958 805 993 cum
844 943 963 994 inde
1000 946 1235 1009 emergit.
1290 946 1607 999 Brutia—2
1640 948 1783 997 Male
1821 948 2069 997 Heinsius
2105 946 2432 1005 emendabat,
2459 945 2722 1008 fon-neque

520 1008 755 1071 decorum,
778 1016 867 1058 anit
886 1012 1119 1059 decorem.-
1154 1019 1207 1059 et
1232 1011 1487 1060 intellexit
1513 1012 1864 1075 praestantiam
1890 1028 1950 1062 ac
1973 1011 2276 1075 dignitatem
2297 1010 2512 1075 speciei,
2539 1024 2640 1073 qun
2661 1022 2726 1059 se

524 1073 603 1121 sol
624 1074 1041 1135 conspiciendum
1082 1075 1311 1137 praebeat
1350 1077 1401 1125 in
1438 1083 1573 1128 ortu.
1640 1078 1846 1133 Melius,
1881 1091 1941 1126 ac
1981 1076 2340 1141 probabiliter,
2369 1075 2602 1135 Colerus,
2635 1072 2722 1122 cui

523 1136 833 1200 astipulatur
860 1139 1091 1196 Dureau,
1102 1140 1373 1203 formasque
1394 1156 1640 1203 equom:
1672 1142 1737 1190 Τ.
1765 1141 1953 1201 Faber,
1971 1142 2158 1199 somus

2399 1174 2412 1189 .
2483 1138 2552 1187 Ni
2583 1136 2722 1189 forte

509 1200 699 1257 forinus
722 1203 930 1251 mor-n·
953 1204 1019 1253 de
1042 1202 1153 1252 Diis
1176 1204 1383 1254 marinis
1406 1207 1650 1269 accipias.
1714 1206 1802 1256 Sic
1840 1206 2000 1255 ferme
2037 1206 2304 1256 Juvenalis
2327 1206 2436 1253 Sat.
2461 1216 2581 1252 xlv,
2603 1206 2722 1253 281.

522 1266 537 1292 ‘
560 1266 774 1315 Grande
793 1281 967 1329 operae
992 1270 1211 1331 pretium
1233 1276 1317 1318 est
1341 1306 1352 1317 .
1372 1304 1384 1318 .
1403 1305 1416 1318 .
1437 1306 1451 1319 .
1475 1271 1676 1320 Oceani
1699 1278 1946 1330 monstra,
1967 1277 2022 1318 et
2033 1269 2250 1332 juvenes
2266 1270 2451 1317 vidisse
2465 1267 2724 1317 marinos?

526 1330 703 1379 Oceani
721 1336 927 1381 monstra
942 1333 1171 1396 explicat
1182 1339 1328 1383 vetus
1342 1334 1658 1385 scholiastes
1672 1334 1957 1397 Juvenalis,
1972 1334 2189 1384 Tritones
2199 1341 2244 1382 et
2265 1333 2513 1383 Nereides.
2550 1330 2718 1380 Idem.

1511 1510 1724 1562 No'rAE

520 1646 638 1695 vox,
680 1636 977 1698 emergentis,
1022 1638 1141 1687 hinc
1187 1639 1293 1689 tolli
1354 1640 1571 1690 debuit:

516 1710 635 1755 n'am
674 1708 973 1774 intelligunt
1008 1720 1111 1763 tam
1149 1730 1311 1779 prope
1344 1730 1401 1766 se
1442 1716 1577 1767 occi-

518 1780 645 1832 dere
678 1785 857 1847 solem,
890 1795 949 1837 ut
982 1792 1257 1854 strepitum
1292 1808 1491 1855 currus,
1524 1809 1575 1842 e-

516 1874 795 1923 quorumve
831 1864 1083 1917 hinnitum
1114 1870 1415 1932 exaudiant,
1451 1871 1573 1921 alia-

514 1950 632 2001 que.
692 1938 942 1992 Gruterus.

578 2014 769 2079 Sicqne
803 2033 905 2067 non
936 2020 1210 2073 stridorem
1247 2023 1484 2074 cadentis
1520 2024 1573 2073 in

516 2089 783 2142 Oceanum
804 2097 945 2159 solis,
966 2106 1055 2147 aut
1076 2102 1358 2162 mergentis
1395 2115 1451 2151 se
1486 2115 1573 2163 pe-

514 2166 651 2231 lago,
682 2172 771 2218 sed
808 2178 1005 2221 tantum
1038 2189 1202 2223 sonum
1224 2182 1277 2223 et
1298 2178 1573 2239 strepitum

513 2258 714 2308 currus,
750 2255 839 2296 aut
860 2246 1121 2299 fremitum
1144 2265 1391 2315 equorum
1422 2252 1570 2302 intel-

512 2319 701 2384 ligeret
732 2322 959 2373 Tacitus.
1024 2326 1129 2376 Sed
1166 2328 1439 2378 verisimile
1491 2335 1571 2379 est

512 2396 777 2460 scripsisse
816 2404 1110 2463 emergentis.
1145 2410 1201 2455 et
1240 2404 1467 2456 allusisse
1504 2406 1573 2457 ad

510 2470 803 2533 opinionem
840 2476 1139 2541 plebeculoe,
1171 2496 1270 2545 qua
1291 2482 1391 2530 sibi
1414 2482 1571 2547 finge·

512 2543 660 2607 bant,
677 2549 865 2598 cadere
888 2553 1047 2601 solem
1071 2552 1123 2602 in
1141 2555 1305 2605 sinum
1319 2556 1571 2622 Thetidis,

510 2626 567 2668 et
599 2635 657 2669 se
690 2628 969 2687 mergendo
1000 2630 1229 2680 excitare
1260 2633 1568 2696 stridorem;

510 2696 725 2760 perinde
749 2709 807 2749 ut
827 2699 906 2763 fit,
923 2702 967 2751 si
992 2706 1197 2769 quando
1219 2708 1445 2761 caudens
1466 2710 1569 2763 fer·

508 2786 624 2821 rum
646 2789 781 2839 aqna
800 2779 1163 2844 exstinguitur.

572 2848 653 2897 Ea
673 2852 881 2913 speeies
902 2868 969 2903 ex
986 2855 1117 2921 visu,
1134 2865 1223 2909 ant
1247 2861 1389 2924 qussi
1412 2876 1477 2911 ex
1496 2863 1568 2912 vi-

508 2938 568 2972 su
600 2931 739 2977 nata.
798 2927 993 2979 Videre
1028 2932 1125 2982 sibi
1144 2933 1454 2987 videbantur
1486 2953 1565 2989 so·

506 3000 607 3049 lem
645 3017 703 3053 se
742 3004 1133 3071 immergentem
1177 3020 1269 3063 aut
1304 3028 1565 3079 emergen-

505 3084 611 3128 tem
650 3080 887 3146 Oceano,
934 3088 1081 3149 quasi
1118 3089 1325 3150 globum
1362 3092 1563 3153 ignibus

503 3154 772 3205 ardentem
796 3158 1224 3227 candentemque,
1244 3166 1335 3230 qui
1362 3166 1563 3217 immer-

502 3236 713 3294 geretur
736 3235 894 3297 aquis.

568 3305 775 3356 Stridor
794 3316 967 3358 sutem
985 3311 1091 3374 ille,
1123 3314 1270 3377 quasi
1302 3314 1563 3379 ignis,aut

503 3378 631 3431 ferri
655 3384 925 3435 candentis
944 3388 1090 3452 aquis
1110 3388 1357 3454 immersi,
1378 3393 1563 3445 eadem

500 3458 869 3533 imaginatione
903 3478 1089 3517 cnsns:
1128 3468 1267 3531 qnia,
1307 3470 1416 3521 scil.
1454 3473 1562 3536 glo·

500 3535 597 3585 bus
650 3536 738 3586 ilie
781 3537 960 3601 igneus
998 3540 1414 3609 immergebatur,
1470 3557 1562 3599 ant

502 3612 737 3679 immergi
760 3614 1033 3665 videbatur
1052 3619 1296 3683 Ocean03
1328 3630 1484 3688 atque
1506 3625 1559 3675 id

498 3704 605 3749 non
627 3706 775 3754 posse
806 3691 919 3741 fieri
950 3694 1059 3744 sine
1091 3696 1313 3748 stridore
1352 3698 1481 3763 iguis
1504 3710 1559 3751 et

497 3762 814 3817 flammarum
872 3768 1302 3833 imaginabantur.
1378 3774 1561 3827 luania

496 3841 611 3893 hec
644 3850 699 3891 et
731 3841 960 3894 fabulosa
984 3847 1243 3897 veteribus
1270 3847 1561 3901 condonan-

496 3916 583 3969 da.

562 3993 685 4045 Sive
713 4010 765 4045 se
795 3996 1044 4057 imma-get
1078 3998 1171 4059 sol,
1202 3998 1311 4048 sive
1343 4008 1553 4063 enimet

498 4070 667 4137 aquis,
692 4086 833 4120 sonus
854 4071 933 4121 bic
953 4070 1182 4135 auditur,
1214 4082 1270 4123 et
1305 4090 1397 4139 par
1421 4078 1553 4129 ratio

495 4154 595 4198 est.
662 4146 714 4198 Si
753 4148 945 4197 stridor
977 4146 1079 4198 fuit
1112 4148 1464 4217 immergentis
1496 4168 1555 4205 se

496 4222 637 4289 ‘lobi
656 4224 945 4291 candentis,
962 4240 1027 4276 an
1050 4226 1165 4290 ⁴iam
1184 4229 1352 4281 minus
1372 4230 1554 4297 igneus

1657 1645 1738 1689 est
1760 1653 1938 1689 currus
1958 1638 2098 1701 solis,
2129 1652 2246 1687 cnm
2280 1636 2502 1701 emergit
2535 1636 2718 1700 aquis?

1656 1716 1795 1766 Num
1817 1715 1936 1780 equi
1956 1716 2074 1765 solis
2096 1717 2263 1764 minus
2280 1724 2390 1764 tum
2405 1714 2646 1763 anbelant
2659 1720 2719 1765 et

1657 1790 1838 1842 efflant
1871 1792 2042 1856 ignem
2074 1792 2362 1855 lucemque,
2403 1804 2554 1854 qnam
2595 1804 2716 1839 cnm
2797 1792 2816 1807 ⁸

1655 1868 1733 1917 sol
1755 1868 1978 1918 occidit?
2013 1877 2122 1918 tum
2157 1868 2317 1930 horae,
2349 1874 2458 1917 tum
2489 1866 2638 1931 radii,
2657 1872 2716 1917 et

1657 1952 1736 1995 tot
1759 1943 1938 1995 formae
1961 1946 2214 2007 Deorum,
2239 1944 2384 2008 quasi
2421 1943 2718 1993 laborantes

1654 2021 1706 2069 in
1730 2020 1986 2083 profundo
2018 2026 2076 2071 et
2105 2026 2426 2083 emergentes
2463 2018 2718 2082 conspici·

1654 2108 1830 2159 untur,
1869 2104 1960 2147 aut
2001 2098 2228 2161 conspici
2269 2097 2526 2147 videntur.
2593 2090 2714 2146 Non

1653 2181 1826 2223 tamen
1849 2175 2000 2235 male,
2015 2172 2290 2235 mentis.

1715 2248 1740 2281 ¹¹
1774 2250 2060 2313 For-masque
2082 2247 2312 2311 Deorum]
2361 2246 2716 2311 Salvalectio,

1652 2330 1708 2373 et
1731 2338 1874 2374 mens
1896 2316 2121 2375 auctoris'
2144 2326 2296 2387 paulo
2315 2322 2470 2371 altior
2486 2321 2712 2373 videtur.

1653 2402 1760 2453 Per
1781 2404 1995 2453 Deorum
2016 2402 2367 2465 enimsorms,
2385 2408 2598 2465 spectra
2607 2399 2711 2450 Ta-

1651 2478 1802 2541 citus,
1833 2485 1890 2527 et
1912 2478 2201 2527 daemonnm
2233 2478 2590 2543 apparitiones
2621 2476 2712 2526 de·

1651 2553 1893 2617 signavit.
1957 2555 2172 2617 Semper
2194 2553 2330 2603 enim
2361 2552 2465 2602 ista
2497 2566 2592 2615 per
2623 2565 2713 2600 ns·

1651 2636 1820 2679 turam
1843 2629 2120 2695 frigoribus
2153 2629 2395 2679 damnata
2427 2628 2556 2691 loca,
2591 2628 2712 2677 Fin-

1651 2706 1769 2768 niae,
1806 2704 2042 2769 Lappiae,
2080 2705 2392 2768 Norwegioe,
2444 2703 2712 2767 Islandiae,

1648 2784 1748 2831 dcc.
1771 2780 2036 2831 exercitiis
2057 2778 2245 2830 infesta
2265 2780 2495 2843 magicis,
2527 2785 2581 2829 et
2601 2779 2708 2829 dae·

1647 2856 1890 2905 moniacis
1935 2854 2252 2905 illusionibus
2298 2853 2464 2905 fuere.
2529 2852 2710 2903 Kirch·

1643 2948 1808 2983 noso.

1710 3008 1893 3058 Potius
1926 3006 1991 3058 de
2015 3008 2124 3058 sole
2148 3007 2224 3057 sic
2247 3008 2482 3070 Tacitus,
2515 3005 2583 3057 ob
2605 3020 2710 3055 am-

1644 3086 1949 3149 plitndinem
2003 3093 2060 3135 et
2119 3084 2450 3147 majestatem
2504 3082 2710 3147 sideris,

1584 3160 1589 3165 “
1643 3162 1727 3209 vel
1751 3160 1818 3211 ob
1841 3175 2000 3226 equos
2023 3167 2080 3210 et
2101 3161 2270 3221 horas,
2304 3160 2532 3225 aliosque
2556 3162 2706 3211 Deos

1641 3238 1906 3301 Deaeque,
1923 3236 2054 3287 tanti
2074 3236 2311 3287 Numinis
2333 3236 2578 3297 comitem
2613 3243 2706 3287 ant

1641 3312 1764 3377 quia
1783 3327 1961 3361 omnes
1976 3313 2123 3362 Deos
2143 3312 2212 3362 ad
2225 3313 2382 3361 solem
2404 3310 2708 3363 referebant

1641 3394 1861 3438 veteres.
1914 3387 2088 3438 Aliter
2121 3386 2310 3437 formas
2353 3388 2535 3437 inanes
2570 3386 2706 3451 illas,

1641 3472 1698 3513 et
1717 3470 1924 3527 spectra
1945 3478 2038 3513 seu
2061 3464 2332 3529 phasmate
2357 3464 2706 3528 expressisset

1641 3538 1874 3589 Tacitus.

1704 3616 1792 3665 Sic
1831 3614 1986 3665 babet
2026 3614 2370 3680 quippe'l'ue.
2403 3616 2440 3665 1.
2465 3627 2584 3665 xnr.
2617 3618 2702 3666 85.

1641 3692 1729 3741 nbi
1765 3691 1834 3742 de
1873 3692 2059 3741 talibus
2097 3692 2349 3741 ostentis:
2381 3694 2397 3718 ⁴
2421 3690 2702 3756 Visamqne

1640 3769 1868 3832 speciem
1911 3769 1964 3817 in
2005 3768 2268 3831 aestuario,
2301 3774 2404 3817 διο.
2437 3766 2702 3817 dilabente

1637 3853 1787 3905 astu,
1819 3845 2150 3893 humanorum
2188 3858 2462 3907 corporum
2501 3842 2705 3907 efligies

1637 3920 1875 3971 relicte?
1947 3922 2030 3970 Sic
2051 3928 2108 3969 et
2126 3920 2264 3969 Plin.
2290 3932 2369 3969 tx.
2393 3926 2442 3969 5.
2485 3922 2500 3946 ‘
2522 3919 2702 3969 Visum

1635 3998 1968 4063 auditumque
2010 3999 2064 4045 in
2103 3996 2326 4061 quodam
2364 4010 2522 4060 specu
2575 4010 2700 4047 eon·

1635 4076 1732 4125 cha
1754 4082 2025 4125 canentem
2041 4074 2331 4137 Tritonem,
2345 4088 2447 4139 qua
2468 4072 2701 4127 noscitur

1635 4152 1983 4294 “titaneaque
2009 4229 2244 4294 1>an
2293 4228 2381 4280 Sic
2415 4228 2482 4279 de
2503 4227 2626 4281 Deo
2643 4227 2706 4289 in
