3175 4934
1308 425 1377 474 G.
1422 420 1784 473 connum!
1829 421 2088 473 ’raeiri

1611 659 1833 711 NOTAE

612 794 729 856 bus,
778 799 835 845 et
869 794 1123 847 sacrificio
1165 802 1398 861 praesunt
1438 796 1673 847 Romani.

612 872 701 922 Sic
720 872 1013 937 Dionysius.
1046 874 1205 925 Forte
1226 888 1400 924 omnes
1421 874 1473 923 hi
1498 873 1674 937 populi

615 946 830 998 adibant
872 947 963 997 bas
1002 947 1159 999 ferias
1198 950 1355 999 ctiam
1398 963 1493 1012 per
1535 950 1676 1012 lega-

616 1024 799 1074 tiones.
871 1024 1002 1074 Nam
1025 1025 1114 1089 qui
1137 1024 1236 1074 toti
1273 1024 1451 1088 populi
1486 1030 1542 1074 et
1577 1024 1678 1075 siu-

617 1099 727 1163 guli
773 1100 1117 1151 convenirent
1170 1101 1223 1149 in
1268 1113 1426 1149 unum
1480 1100 1681 1149 locum?

615 1172 728 1225 Aut
764 1174 851 1241 qui
888 1176 1093 1239 populis
1124 1176 1373 1225 universis
1398 1176 1678 1229 distribue·

614 1257 760 1300 retur
781 1264 912 1299 unus
934 1252 1142 1301 taurus?

678 1324 767 1375 Sic
788 1326 909 1376 olim
934 1326 1088 1375 Iones
1120 1326 1360 1390 Asiatici,
1380 1327 1433 1376 in
1466 1342 1585 1377 suas
1607 1326 1679 1377 el·

614 1400 805 1471 vitates
850 1400 1087 1466 dispersi,
1132 1409 1303 1454 tamen
1346 1419 1514 1454 annuo
1559 1419 1679 1454 con-

616 1482 796 1540 ventu,
816 1477 882 1526 de
923 1492 979 1527 re
1016 1481 1275 1529 communi
1300 1481 1393 1529 toti
1420 1480 1583 1544 genti,
1605 1480 1679 1531 iu·

619 1558 701 1602 ter
735 1567 882 1602 sacra
924 1552 1298 1603 deliberabant.
1382 1556 1678 1605 Conventus

613 1627 702 1677 ille
743 1633 795 1677 et
831 1628 980 1678 locus
1018 1629 1264 1679 παιόνων
1298 1631 1676 1695 appellabatur.

614 1704 701 1753 Sic
722 1710 781 1753 et
798 1704 973 1755 Greci
1006 1707 1245 1771 Europoei
1278 1708 1503 1757 habuere
1526 1710 1679 1758 statis

615 1781 801 1831 diebus
838 1789 1151 1833 conventum
1190 1784 1243 1833 in
1283 1784 1518 1849 Pylaico.
1601 1786 1680 1835 Eo

616 1856 775 1908 etiam
830 1858 1091 1909 destinata
1136 1859 1404 1925 Olympia,
1459 1860 1679 1923 Nemea,

616 1930 837 1984 Isthmia
865 1936 1184 1999 spectacula.
1250 1938 1415 1987 Locus
1437 1935 1678 1987 feriarum

614 2008 915 2060 latinarum
945 2012 1144 2060 electus
1166 2011 1337 2074 Alba»,
1374 2014 1427 2062 in
1469 2014 1679 2078 antiquo

615 2087 810 2151 templo
828 2086 939 2137 baec
962 2088 1273 2150 reverentia,
1292 2089 1345 2136 iu
1362 2088 1533 2137 medio
1556 2102 1680 2151 gen-

614 2162 765 2223 tium,
788 2170 847 2213 ut
868 2164 1115 2226 templum
1140 2162 1455 2227 Delphorum
1496 2164 1547 2213 in
1572 2178 1680 2213 me-

614 2238 703 2289 dio
739 2238 963 2287 Graeciae
1002 2239 1155 2286 situm
1196 2244 1327 2285 erat.
1393 2236 1550 2301 Apud
1574 2240 1677 2288 Ro-

614 2326 792 2363 manos
829 2312 1109 2363 celebratae
1151 2312 1436 2375 legationes
1476 2312 1676 2376 liberie,

616 2391 773 2440 etlam
818 2388 928 2439 voti
968 2402 1137 2437 causa.
1226 2388 1409 2437 Cicero
1454 2388 1519 2437 ad
1564 2386 1678 2438 Att.

614 2466 705 2518 lib.
730 2478 792 2515 tr.
833 2465 983 2529 epist.
1001 2468 1053 2513 7.
1088 2464 1105 2493 ‘
1127 2464 1177 2514 Α
1201 2464 1408 2513 Coesare
1431 2463 1581 2513 valde
1622 2464 1682 2512 li-

616 2540 865 2591 beraliter
888 2539 1077 2589 invitor
1096 2539 1149 2587 in
1168 2539 1483 2602 legationem
1519 2537 1680 2601 illam,

616 2620 715 2671 sibi
736 2628 795 2670 ut
815 2619 910 2669 sim
935 2620 1153 2682 legatus.
1221 2616 1396 2682 Atque
1430 2616 1583 2666 etiam
1624 2617 1682 2666 li-

614 2696 743 2746 bera
763 2695 955 2758 legatio
990 2694 1099 2743 voti
1134 2707 1289 2743 causa
1311 2694 1465 2741 datur
1484 2691 1517 2751 ς’
1568 2692 1679 2743 scil.

618 2772 832 2835 privatis
868 2776 928 2821 et
966 2772 1219 2834 privatam
1254 2784 1362 2819 rem
1392 2769 1682 2832 agentibus.

624 2848 735 2898 Voti
766 2862 926 2909 musa,
965 2846 1019 2896 id
1054 2853 1158 2908 est,
1195 2845 1257 2895 ad
1300 2844 1538 2895 adeunda
1558 2842 1682 2892 fana

616 2930 674 2973 et
693 2937 844 2973 sacra
866 2924 999 2972 loca.
1066 2924 1176 2971 Cic.
1200 2921 1328 2970 ibid.
1351 2922 1387 2969 l.
1408 2934 1486 2969 w.
1524 2919 1682 2983 epist.

614 3003 664 3048 Β.
684 3000 703 3027 ⁴
726 2998 839 3063 Ego
860 3012 942 3049 me
962 3012 993 3047 a
1013 2995 1268 3061 Pompeio
1290 2994 1453 3059 legari
1476 2994 1548 3044 ita
1570 3010 1680 3045 sum

615 3090 811 3140 passus,
848 3081 910 3126 nt
945 3074 1087 3124 nulla
1120 3088 1177 3123 re
1213 3072 1514 3136 impedirer,
1534 3072 1679 3135 quin,

612 3150 659 3198 si
680 3151 887 3211 venem,
915 3150 1036 3198 mihi
1074 3154 1213 3198 esset
1249 3148 1539 3209 integrum3
1590 3154 1681 3197 ant

614 3224 658 3272 si
680 3225 893 3273 comitia
910 3238 1177 3273 censorum
1202 3222 1423 3284 proximi
1445 3222 1679 3271 consules

613 3298 885 3362 haberent,
920 3307 1099 3361 petere
1136 3310 1305 3360 posse,
1326 3302 1417 3345 aut
1454 3297 1676 3347 votivam

614 3372 927 3437 legationem
950 3372 1211 3435 suscipere
1250 3384 1414 3434 prope
1452 3370 1678 3421 omnium

611 3447 847 3499 fanorum
870 3463 931 3499 ac
954 3462 1213 3499 sacrorum
1228 3446 1495 3497 iocorum!
1544 3448 1675 3498 Cum

614 3537 859 3578 concessa
900 3532 1038 3575 esset
1088 3523 1238 3574 alicui
1282 3524 1471 3586 legatio
1514 3524 1678 3586 libem,

615 3602 792 3666 potuit
814 3606 871 3649 et
889 3600 1048 3649 votivo
1070 3600 1178 3663 uti:
1214 3604 1363 3663 patet
1385 3614 1449 3648 ex
1471 3600 1583 3649 Cic.
1609 3598 1698 3650 ad.

614 3676 729 3727 Ait.
749 3678 784 3725 l.
812 3688 905 3725 xv.
930 3692 1009 3740 ep.
1032 3681 1082 3726 8.

678 3748 703 3787 δ
728 3753 947 3815 Cauoque
966 3750 1151 3815 publice
1170 3752 1378 3815 homine]
1404 3752 1673 3802 Plutarch.

508 3820 517 3831 “
614 3826 875 3877 Problem.
902 3826 1049 3876 Rom.
1081 3827 1098 3856 ⁴
1124 3828 1266 3879 Quid
1287 3834 1369 3875 est
1398 3828 1535 3891 quod
1558 3842 1676 3876 cum

614 3900 839 3951 Romani
878 3900 1119 3950 barbaros
1152 3900 1395 3964 quosdam
1430 3899 1545 3949 Diis
1582 3902 1676 3949 im-

612 3975 912 4026 mortalibus
932 3975 1185 4025 bominem
1220 3976 1505 4024 immolasse
1528 3989 1677 4025 acce·

614 4052 830 4119 pisseut,
848 4054 1177 4116 magistratus
1210 4065 1385 4100 eorum
1408 4066 1676 4100 accersen-

613 4128 705 4185 dos
742 4142 803 4177 ac
849 4126 1135 4191 puniendos
1180 4132 1512 4189 putaverunt,
1547 4141 1673 4189 quos

614 4212 814 4268 postea,
834 4216 949 4252 cum
974 4202 1025 4250 id
1048 4198 1415 4265 consuetudine
1452 4200 1672 4265 quadam

613 4290 677 4327 ac
712 4278 829 4343 lege
872 4275 1057 4329 fecisse
1094 4276 1435 4341 accepissent,
1475 4274 1674 4326 dimise-

1755 802 1894 861 runt,
1915 804 1972 848 et
1991 796 2116 846 alias
2140 796 2192 846 id
2218 795 2393 847 facere
2427 794 2828 862 prohibuerunt,

1753 888 1874 922 cum
1895 871 2013 935 ipsi,
2035 887 2138 921 non
2161 871 2335 921 multis
2359 872 2506 921 annis
2527 868 2675 935 ame,
2694 873 2826 924 duos

1756 948 1890 997 viros
1911 954 1968 998 et
1990 948 2118 996 duas
2155 947 2395 996 mulieres
2417 945 2471 996 iu
2493 945 2606 995 foro
2627 948 2827 997 Boario

1756 1024 1901 1073 vivos
1921 1022 2241 1072 obruerunt?
2311 1022 2428 1072 Non
2457 1022 2593 1071 enim
2617 1022 2842 1073 videtur

1757 1100 2036 1149 convenire
2075 1099 2216 1163 ipsos
2251 1098 2362 1147 baec
2401 1096 2674 1159 facere,tt
2707 1098 2830 1147 bar-

1758 1176 1911 1225 baros
1951 1176 2038 1239 qui
2077 1175 2207 1225 talia
2233 1174 2626 1233 commisissent,
2647 1188 2829 1239 repre-

1757 1253 2000 1301 hendere.
2069 1251 2149 1300 An
2189 1249 2303 1299 Diis
2341 1248 2713 1299 immortalibus
2735 1250 2828 1301 bo-

1758 1327 1944 1376 minem
1991 1327 2258 1376 immolarc
2279 1325 2490 1389 impium
2513 1324 2831 1387 ducebatur,

1759 1401 2077 1452 demonibus
2102 1408 2274 1451 autem
2295 1400 2675 1451 necessarium?
2737 1401 2829 1453 An

1760 1492 1867 1539 eos,
1891 1478 1976 1543 qui
2001 1492 2142 1529 more
2165 1483 2222 1527 et
2243 1478 2358 1541 lege
2379 1478 2434 1526 id
2453 1484 2690 1542 agerent,
2707 1492 2835 1543 pee-

1760 1569 1882 1605 care
1903 1554 2312 1615 arbitrabantur,
2345 1568 2400 1602 se
2429 1568 2556 1603 vero
2581 1554 2724 1603 libris
2745 1552 2830 1603 Si-

1759 1629 1964 1694 byllinis
1993 1630 2181 1695 jussos,
2213 1628 2396 1678 eodem
2419 1627 2585 1679 teneri
2621 1628 2828 1678 scelere

1757 1719 1862 1755 non
1883 1705 2176 1769 putabant?
2210 1705 2407 1754 Ferunt
2427 1710 2600 1753 autem
2623 1702 2828 1765 Elbiam

1759 1781 2012 1846 quandam
2036 1780 2305 1845 virginem,
2322 1794 2437 1829 cum
2458 1793 2592 1845 equo
2618 1780 2834 1830 vehere-

1759 1862 1867 1918 tur,
1887 1854 2100 1905 fulmine
2137 1856 2298 1905 ictam
2336 1855 2530 1905 fuisse:
2583 1854 2706 1905 inde
2729 1870 2830 1904 nu·-

1756 1931 1880 1981 dum
1921 1945 2106 1996 equum
2146 1946 2209 1982 ac
2245 1932 2514 1995 jacentem
2553 1930 2826 1981 in'vcntum

1757 2022 1888 2071 esse,
1907 2006 2093 2058 nudam
2117 2014 2174 2058 et
2193 2008 2378 2071 ipsam,
2403 2015 2548 2058 veste
2584 2006 2732 2072 quasi
2753 2008 2825 2058 de

1755 2084 2011 2133 industria
2048 2099 2080 2133 a
2115 2084 2372 2147 pudendis
2411 2085 2699 2147 subtracta,
2718 2085 2830 2133 eal·

1757 2159 1884 2219 cels,
1918 2160 2126 2220 annulo,
2159 2164 2214 2207 et
2236 2158 2456 2209 reticulo
2497 2156 2684 2222 passim
2723 2158 2828 2208 dis·

1746 2234 1920 2297 jectis,
1943 2242 1997 2284 et
2021 2250 2112 2284 ore
2134 2236 2313 2298 lingna
2348 2235 2599 2299 projecta.
2663 2234 2739 2285 At
2763 2250 2824 2285 re

1757 2310 1823 2359 ad
1882 2312 2198 2361 divinatores
2255 2310 2448 2372 delata,
2488 2326 2604 2361 cum
2665 2310 2826 2360 sacris

1759 2386 2045 2449 virginibus
2069 2386 2344 2437 maximum
2367 2386 2598 2437 dedecus
2627 2386 2827 2451 impen-

1758 2461 1904 2524 dere,
1927 2470 1984 2511 et
2005 2464 2117 2527 ejus
2137 2462 2211 2512 rei
2241 2463 2572 2526 ignominiam
2595 2464 2658 2513 ad
2679 2464 2828 2529 equi-

1761 2542 1841 2587 tes
1875 2538 2275 2587 redundaturum
2306 2538 2683 2601 praedixissent,
2705 2536 2825 2588 bar·

1760 2613 1870 2662 bari
1894 2613 2162 2677 cujusdam
2178 2612 2364 2677 equitis
2379 2627 2555 2683 servus
2579 2612 2822 2663 indicium

1757 2685 1906 2750 fecit,
1944 2694 2052 2737 tres
2095 2687 2316 2737 vestales
2361 2687 2650 2751 AEmyliam,
2689 2688 2826 2738 Lici-

1759 2764 1915 2826 niam,
1939 2763 2180 2812 Martiam
2201 2763 2300 2812 sub
2321 2762 2460 2813 idem
2485 2772 2687 2827 tempus
2711 2778 2826 2815 con

1760 2845 1961 2903 ruptas,
1993 2838 2276 2888 diutissime
2308 2854 2425 2889 cum
2455 2840 2575 2889 viris
2597 2855 2706 2889 rem
2727 2842 2827 2892 he·

1759 2914 1950 2976 baisse,
1981 2928 2194 2979 quorum
2239 2930 2367 2963 unns
2403 2921 2538 2965 esset
2565 2915 2825 2967 'Veturius

1761 2990 2039 3053 Barbarus,
2065 2992 2194 3056 ejus,
2214 2992 2303 3056 qui
2324 2992 2570 3042 indicium
2592 2992 2822 3057 fecisset,

1759 3067 2009 3119 dominus.
2074 3070 2310 3118 Vestales
2331 3070 2490 3133 igitur
2509 3069 2826 3137 redargutae,

1759 3145 2014 3208 supplicio
2035 3151 2156 3195 sunt
2175 3144 2402 3197 affectae.
2467 3147 2568 3196 Sed
2597 3162 2710 3199 cum
2736 3163 2824 3199 res

1760 3220 1984 3269 atrocior
2020 3221 2128 3269 visa
2169 3229 2330 3285 esset,
2366 3222 2728 3285 decreverunt,
2760 3228 2824 3275 ut

1757 3295 2071 3359 sacerdotes,
2089 3297 2365 3361 Sibyllinos
2402 3298 2560 3347 libros
2597 3298 2824 3363 inspice-

1756 3378 1910 3431 rent;
1959 3372 2012 3421 in
2047 3372 2228 3437 quibus
2250 3374 2510 3424 inventum
2550 3372 2706 3423 fuisse
2741 3373 2823 3425 di·

1755 3454 1901 3509 cunt,
1916 3450 2027 3498 brec
2049 3463 2234 3513 magno
2253 3450 2410 3513 Rcip.
2445 3451 2581 3499 malo
2602 3448 2820 3511 sutura3

1756 3531 1812 3575 et
1823 3524 2030 3589 jubere,
2042 3533 2100 3577 ut
2123 3527 2358 3576 absurdis
2376 3526 2677 3591 quibusdam
2691 3524 2820 3577 Deis

1757 3606 1812 3651 et
1865 3604 2114 3665 externis,
2161 3602 2458 3651 avertenda
2513 3604 2588 3651 rei
2642 3617 2818 3665 causa,

1756 3676 1971 3729 Grecos
1995 3678 2143 3739 duos,
2163 3693 2225 3727 ac
2264 3678 2480 3727 totidem
2519 3678 2703 3729 Gallos
2725 3680 2818 3729 im-

1753 3756 2026 3817 molarent,
2054 3761 2110 3803 et
2145 3754 2197 3801 in
2232 3753 2352 3802 loco
2386 3752 2569 3803 eodem
2602 3750 2820 3806 defode-

1753 3830 1906 3880 rent!

1821 3907 2039 3968 Coesoque
2054 3904 2234 3967 publice
2251 3905 2459 3971 homine]
2489 3907 2552 3957 In
2584 3906 2714 3959 tales
2737 3906 2816 3958 iu·

1750 3980 1953 4029 vehitur
1976 3980 2178 4030 Pintar.
2197 3982 2284 4031 lib.
2307 3981 2376 4032 de
2391 3982 2774 4046 Super-stitione
2797 4002 2814 4034 ε

1747 4055 1765 4082 ‘
1791 4054 1930 4107 Quid
1955 4055 2058 4103 ian
2083 4068 2180 4105 non
2205 4054 2385 4109 fuisset
2407 4058 2743 4121 tolerabilius,
2765 4060 2814 4109 ai

1752 4126 1960 4179 Galatae
1999 4136 2053 4178 et
2099 4130 2308 4196 Scytha
2349 4134 2538 4182 nullam
2587 4147 2812 4200 unquam

1751 4206 1978 4253 Deorum
2003 4207 2258 4271 notitiam,
2287 4210 2480 4259 nullam
2516 4208 2812 4272 opinionem

1749 4286 1840 4329 aut
1858 4278 2123 4332 historiam
2157 4283 2478 4348 habuissent,
2505 4298 2654 4349 quam
2677 4284 2813 4335 tales
