3175 4934
584 380 761 447 3492

1292 395 1363 441 C.
1410 392 1784 443 commu!
1827 390 2086 441 'raom

586 538 823 624 paucis
860 537 1219 605 admodum
1264 538 1559 605 castellis
1607 542 1682 605 in
1717 539 2029 605 ulteriora
2073 536 2424 621 promotis,
2471 554 2594 620 per
2637 552 2814 621 qnae

584 644 767 708 sama
806 643 989 707 aucti
1026 641 1231 707 officii
1278 645 1698 724 quaereretur.
1785 640 2064 705 Didium
2108 638 2446 703 Veranius
2489 638 2802 721 excepit,

583 840 763 905 legati,
788 841 996 919 possedit
1018 841 1324 919 retinuitque

1308 874 1325 903 ,
1358 840 1525 904 paucis
1544 840 1794 889 ιὼιοαιοη
1809 837 2054 903 presidiis
2073 838 2201 887 uum

582 906 719 970 aitis,
754 912 810 956 ut
830 906 907 957 sic
926 910 1078 956 uda
1109 920 1367 969 promere
1396 906 1536 954 decus
1566 908 1764 967 pou-aret
1786 902 1896 953 sibi.
1968 900 2202 952 Ver-nin

2425 835 2638 885 lisdem*
2620 850 2810 885 inmu-

2277 902 2374 949 idio
2393 902 2631 964 umescit,
2659 901 2810 964 isque

1584 1064 1800 1119 1101·AE

584 1188 639 1239 iu
654 1186 973 1253 deditionem
989 1190 1045 1235 et
1060 1184 1369 1235 arbitratum
1387 1181 1644 1243 aliennm3

584 1279 713 1331 quos
748 1272 920 1316 tamen
957 1264 1124 1313 Roma
1144 1262 1457 1312 dominatrix
1482 1274 1644 1323 saepe,

586 1349 677 1393 aut
698 1342 893 1392 locavit
904 1340 967 1402 ,in
989 1338 1132 1403 regio
1170 1336 1398 1401 fastigio,
1432 1343 1525 1385 ant
1562 1349 1644 1385 re-

582 1424 762 1484 ceptos
782 1418 833 1467 in
856 1416 1169 1476 clientelam,
1182 1428 1243 1464 ac
1264 1427 1399 1475 reges
1413 1412 1644 1461 disertim

585 1494 879 1559 appellatos
910 1491 1123 1541 donavit
1160 1489 1445 1554 insignibus
1468 1488 1644 1553 regiis.

584 1569 663 1618 Ea
682 1574 835 1618 erant
854 1582 1013 1617 aurea
1028 1580 1237 1625 corona,
1256 1579 1416 1615 aurea
1441 1571 1646 1627 patera,

584 1646 713 1696 sella
757 1645 971 1705 curulis,
1008 1643 1171 1708 scipio
1205 1644 1483 1703 eburneus,
1520 1649 1646 1705 toga

582 1721 745 1785 picta,
798 1720 1028 1785 sagulum
1080 1732 1414 1783 purpureum,
1470 1718 1648 1766 tunica

585 1795 833 1861 palmata,
851 1797 984 1846 latus
1008 1796 1199 1855 clavus,
1234 1795 1354 1860 equi
1376 1794 1648 1859 phalerati,

582 1887 727 1924 arma
764 1872 1045 1938 equestria,
1099 1870 1335 1934 supellex
1387 1870 1650 1931 militaris,

583 1950 749 2015 qualis
772 1947 1066 1997 consulibus
1082 1946 1305 2011 praeberi
1322 1947 1490 1996 solita.
1525 1947 1648 1995 Non

584 2024 723 2089 quod
757 2015 991 2073 omnibns
1028 2022 1202 2073 omnia
1230 2022 1381 2073 simul
1410 2023 1524 2071 haec
1558 2020 1650 2071 da-

582 2107 779 2164 rentur,
831 2100 920 2150 sed
956 2100 1069 2149 aliis
1103 2100 1223 2160 alia,
1261 2112 1356 2161 pro
1392 2096 1646 2159 dignitate

584 2178 849 2243 cujusque,
888 2184 1076 2240 et.pro
1117 2176 1303 2238 opibus
1340 2180 1396 2223 et
1424 2172 1648 2222 anctori-

584 2261 695 2305 tate
717 2255 1029 2318 regulorum.
1098 2252 1169 2301 Et
1188 2249 1330 2300 illinc
1350 2249 1395 2299 si
1418 2264 1521 2298 non
1538 2262 1648 2297 ser·

580 2330 763 2378 vitium
816 2327 1017 2386 stricte,
1072 2334 1303 2377 attamen
1346 2324 1648 2389 obsequium

580 2404 793 2453 servitio
810 2404 1097 2467 proximum
1115 2402 1519 2465 intelligebatur.
1543 2400 1644 2449 His

583 2478 965 2530 conditionibus
998 2493 1284 2541 regnavere
1319 2479 1438 2527 olim
1464 2478 1647 2525 Massi-

580 2556 733 2613 nissa,
772 2556 1049 2615 Eumenes,
1070 2554 1298 2617 Attalus,
1336 2552 1646 2613 Antiochus,

578 2634 845 2697 Tigranes,
888 2630 1147 2681 Tiridates
1206 2636 1264 2679 et
1312 2629 1650 2691 Ptolemaeus,

580 2710 665 2761 cni
702 2722 733 2757 a
754 2703 975 2772 profugo
994 2711 1198 2764 senatu,
1233 2718 1349 2753 cnm
1372 2704 1414 2751 is
1433 2710 1571 2753 esset
1590 2704 1646 2753 in

580 2784 762 2849 Epiro,
798 2782 813 2811 ‘
839 2783 1059 2847 Cingere
1082 2780 1279 2829 Pellaeo
1300 2792 1505 2843 pressos
1533 2779 1644 2828 dia-

580 2861 790 2911 demate
821 2860 991 2909 crines
1034 2856 1382 2907 Permissum!
1444 2856 1642 2907 Lucan.

578 2936 616 2987 l.
641 2952 695 2987 v.
730 2937 746 2965 ‘
776 2936 897 3000 Ipse
922 2934 1199 2998 Pompeius
1220 2932 1381 2983 filium
1402 2934 1642 2983 Ariobar-

582 3014 738 3077 zanis,
772 3015 921 3078 cujus
955 3014 1007 3061 in
1031 3019 1209 3077 capnt,
1246 3019 1398 3075 pater
1432 3010 1642 3061 descen-

582 3090 711 3141 dens
734 3107 762 3141 e
788 3090 955 3141 curuli
976 3091 1122 3151 sella,
1146 3090 1195 3136 in
1218 3103 1319 3151 qna
1341 3102 1457 3137 cum
1490 3087 1643 3137 Pom-

582 3167 701 3231 peio
756 3166 891 3215 illins
936 3167 1081 3227 jussu
1126 3164 1350 3222 sederat,
1406 3164 1645 3212 diadema

583 3244 943 3301 transtulerat,
984 3240 1143 3289 tilium
1170 3248 1225 3287 et
1260 3254 1433 3303 regem
1468 3240 1646 3302 appel-

486 3326 495 3345 ¹
580 3316 731 3378 lavit,
753 3324 810 3365 et
831 3316 1069 3364 diadema
1090 3329 1291 3363 sumere
1306 3315 1482 3377 jussit,
1514 3324 1568 3364 et
1590 3316 1644 3364 in

580 3392 746 3441 curuli
790 3393 915 3440 sella
958 3389 1227 3441 considere
1272 3388 1481 3450 coegit-²
1554 3392 1642 3443 Sic

580 3468 757 3519 Valer.
794 3470 941 3519 Max.
974 3483 1024 3516 v·
1047 3472 1096 3517 7.
1166 3468 1264 3517 His
1302 3467 1436 3519 adde
1476 3468 1640 3517 Hero·

582 3542 719 3609 dem,
733 3544 819 3594 cui
834 3544 1101 3612 Augustus
1119 3542 1359 3594 diadema
1374 3545 1638 3607 imposuit;

582 3626 637 3669 et
676 3618 960 3684 Agrippam
1003 3620 1183 3679 etiam,
1219 3634 1393 3683 regem
1432 3618 1641 3669 Jndaeo-

582 3708 715 3757 rum‚
739 3711 891 3759 quem
929 3695 1114 3758 insigni
1150 3694 1293 3757 regio
1325 3695 1518 3743 evinxit
1554 3694 1642 3743 'l'i-

581 3768 773 3823 berius.
842 3772 1005 3821 Erant
1037 3780 1085 3820 et
1130 3773 1482 3835 praerogativae
1507 3769 1642 3830 istae,

582 3846 766 3897 sedere
789 3848 839 3896 in
862 3848 992 3897 sellu
1030 3848 1196 3895 curuli
1218 3846 1485 3893 «musculum
1508 3846 1643 3893 simi-

580 3922 637 3985 li,
676 3931 731 3973 et
764 3924 941 3973 eodem
957 3923 1110 3986 juxta
1135 3923 1267 3979 loco,
1306 3936 1365 3969 at:
1393 3929 1644 3987 praetores

582 3998 801 4051 Romani
843 4006 899 4049 et
945 3999 1099 4059 iegati
1143 3996 1215 4045 Ca
1234 3996 1396 4065 ξενίη
1454 3996 1643 4045 babere

582 4078 819 4139 comites,
851 4091 941 4125 seu
964 4073 1227 4134 custodes,
1264 4078 1465 4135 equites
1502 4076 1647 4129 Rom.

584 4151 757 4216 excipi
780 4165 874 4214 per
897 4151 1051 4200 nrbes
1076 4150 1219 4200 Rom.
1241 4150 1467 4213 ditionis,
1488 4159 1547 4199 ut
1573 4153 1646 4201 le-

580 4235 733 4293 gatos
756 4232 815 4276 et
845 4232 1076 4275 rectores
1104 4224 1503 4294 provinciarum,
1538 4240 1644 4276 non

1723 1179 1918 1245 operit-i
1933 1178 1998 1228 ad
2013 1176 2152 1229 fores
2165 1177 2549 1242 imperantium,
2563 1188 2654 1223 seu
2667 1188 2812 1223 eon-

1723 1258 1909 1319 sulnm,
1943 1255 2136 1305 babere
2168 1253 2357 1315 fasces,
2389 1266 2490 1302 non
2523 1251 2808 1315 deponere

1725 1334 1952 1397 gladium
1995 1333 2047 1382 in
2087 1337 2376 1395 conspectu
2399 1327 2678 1392 principis:
2719 1327 2812 1375 in-

1725 1410 1922 1473 tellige,
1963 1423 2082 1459 cum
2111 1406 2422 1458 incederent
2456 1418 2552 1467 per
2579 1401 2810 1465 provin-

1725 1484 1832 1535 cias
1853 1491 2080 1545 nostras,
2102 1492 2194 1534 aut
2229 1484 2282 1532 in
2301 1480 2486 1532 castris
2525 1480 2672 1529 Rom.
2697 1484 2809 1529 aut

1725 1561 1882 1611 etiam
1911 1561 1964 1609 in
1985 1560 2101 1624 ipsa
2120 1560 2265 1609 Urbe
2288 1561 2636 1607 versarentur.

1791 1637 2116 1687 Instrumenta
2133 1633 2406 1696 servitutis]
2455 1633 2666 1685 Quanta
2709 1645 2810 1679 sn·

1725 1712 1910 1778 perbia
1925 1712 2127 1777 egerint
2145 1708 2362 1760 Romani
2379 1722 2506 1772 erga
2523 1706 2802 1771 subjectos

1727 1802 1896 1853 reges,
1919 1795 2068 1852 patet
2103 1802 2170 1837 ex
2191 1786 2368 1836 multis
2389 1785 2618 1835 historiae
2639 1784 2802 1833 locis.

1727 1867 1872 1917 Plut.
1895 1866 2162 1931 Apophth.
2185 1870 2383 1927 narrat,
2413 1865 2474 1914 C.
2502 1862 2804 1925 Popilium,

1730 1944 1842 1993 sive
1883 1942 2041 2007 fastu,
2084 1943 2194 1994 sive
2233 1942 2492 2007 gravitate
2533 1940 2691 1990 nimis
2737 1947 2806 1991 et

1727 2024 2022 2089 impotenti,
2043 2024 2174 2074 adeo
2195 2022 2451 2087 sprevisse
2473 2019 2802 2071 Antiochum

1730 2102 1892 2164 Syriae
1929 2114 2122 2163 regem,
2161 2106 2221 2149 ut
2255 2112 2374 2147 enm
2411 2096 2638 2161 benigne
2659 2109 2716 2143 se
2737 2102 2802 2145 et

1729 2176 1947 2225 comiter
1963 2176 2276 2225 salutantem
2293 2172 2566 2238 nequidem
2581 2186 2802 2235 respex-

1729 2253 1850 2313 erit,
1871 2258 1962 2301 aut
1985 2249 2380 2308 resalutaverit3
2413 2248 2690 2311 epistolam
2711 2262 2799 2297 se-

1727 2336 1878 2381 natus
1909 2330 1996 2379 ille
2029 2331 2140 2393 regi
2167 2329 2308 2378 nullo
2327 2328 2522 2375 bonore
2541 2322 2799 2376 reddidit.

1725 2406 1864 2456 Socii
1902 2405 2227 2455 redimebant
2261 2416 2357 2452 sna
2386 2402 2613 2466 pecunia
2649 2401 2796 2450 cives

1727 2484 1875 2533 Rom.
1912 2483 1954 2533 si
1976 2482 2180 2548 quando
2199 2480 2355 2546 {forte
2393 2494 2426 2529 a
2459 2478 2796 2543 praedonibns

1727 2558 1874 2621 capti
1893 2562 2084 2607 essent.
2161 2556 2310 2620 Ipsos
2341 2554 2604 2618 principes
2637 2554 2790 2603 Rom.

1727 2632 2036 2699 qiuaudoque
2073 2632 2264 2683 lectica
2295 2638 2387 2681 aut
2409 2644 2566 2681 curru
2585 2636 2792 2693 vectos,

1729 2708 1997 2773 pedestres
2041 2723 2136 2772 per
2175 2708 2422 2758 honorem
2461 2705 2796 2758 deducebant

1721 2784 2086 2851 stipabantque
2117 2784 2302 2847 reguli,
2323 2791 2416 2833 aut
2447 2790 2588 2834 certe
2603 2782 2792 2851 mitte7

1723 2860 1853 2911 bant
1875 2863 2073 2924 legatos
2107 2876 2244 2919 suos,
2281 2860 2368 2925 qni
2403 2875 2488 2910 eos
2517 2859 2570 2907 in
2599 2859 2786 2922 primis

1723 2938 1871 3000 regui
1891 2934 2081 2986 tinibus
2113 2938 2438 3001 exciperent,
2457 2942 2514 2987 et
2543 2936 2790 2987 similiter

1723 3020 1973 3063 exeuntes
1997 3028 2114 3063 cum
2129 3014 2321 3063 honore
2337 3020 2792 3078 prosequerentur.

1725 3089 1910 3139 Cicero
1961 3090 2030 3137 de
2082 3092 2256 3152 legato
2311 3088 2559 3138 Deiotari
2605 3088 2748 3150 regis
2771 3104 2789 3136 ε

1722 3166 1738 3192 ‘
1767 3166 1938 3228 Neget
1979 3180 2202 3229 unquam
2235 3181 2290 3214 se
2313 3172 2420 3216 ate
2455 3163 2713 3227 [cesare]
2733 3164 2788 3213 in

1724 3241 1962 3290 Deiotari
1989 3243 2270 3290 tetrarchia
2309 3241 2496 3304 pedem
2532 3240 2792 3291 discessis-

1725 3330 1811 3365 se:
1849 3318 1898 3364 lu
1938 3317 2115 3379 primis
2151 3316 2335 3367 tinibus
2369 3317 2466 3367 tibi
2497 3331 2556 3366 se
2591 3324 2788 3380 praesto

1721 3388 1878 3439 fuisse
1900 3391 2048 3451 dicit,
2085 3408 2244 3454 usqne
2281 3393 2346 3442 ad
2384 3393 2591 3444 ultimos
2613 3408 2788 3458 prose-

1725 3474 1920 3531 cutum,
1922 3466 1935 3489 '
1973 3472 2073 3519 dcc.
2121 3460 2243 3519 'Eos
2277 3470 2530 3520 conviviis
2561 3471 2788 3535 excipie-

1722 3545 1848 3595 bant
1901 3562 1994 3608 per
2037 3548 2212 3597 luxum
2249 3557 2304 3597 et
2345 3550 2784 3613 magnificentiam

1723 3624 1934 3684 retiam,
1969 3632 2024 3672 et
2057 3624 2261 3674 coronis
2297 3626 2467 3673 aureis
2499 3623 2784 3686 donabant,

1723 3714 1824 3748 non
1849 3707 2047 3749 tantum
2077 3702 2311 3750 Caesares
2331 3700 2570 3764 filiosque
2597 3700 2786 3764 princi·

1724 3792 1864 3839 pum
1917 3778 2006 3826 sed
2063 3786 2120 3828 et
2169 3779 2310 3841 ipsos
2348 3792 2594 3845 proceres
2633 3778 2783 3829 Rom.

1723 3853 1858 3917 qnod
1907 3860 2052 3916 patet
2087 3854 2152 3903 de
2197 3868 2316 3917 rege
2375 3854 2782 3903 Nabatliaeorem

1725 3927 1950 3997 Arabum
1987 3930 2124 3991 apud
2145 3931 2311 3979 Taciti
2335 3929 2470 3979 Ann.
2501 3990 2510 3997 ·
2536 3929 2609 3979 Et
2643 3928 2782 3995 quod

1728 4005 1950 4053 maxime
1978 4006 2254 4066 superbum
2287 4004 2403 4061 fuit.
2439 4006 2530 4054 has
2563 4016 2781 4064 eorpus

1731 4080 1842 4143 peri
1871 4080 2097 4141 pondere
2131 4080 2413 4143 exigebant
2449 4080 2592 4129 cives
2629 4080 2780 4129 Rom.

1727 4154 1801 4203 illi
1823 4154 2051 4217 superbi,
2072 4154 2222 4219 quasi
2247 4154 2456 4225 regibus
2475 4163 2534 4206 et
2565 4153 2782 4207 Caesari-

1723 4228 1818 4279 bus
1839 4244 1896 4279 se
1915 4230 2054 4295 ipsos
2075 4228 2432 4295 praeferentes.
2793 4239 2814 4267 ·‘
