3175 4934
32 744 54 1134 ..Ἧκΰ”ῐῗ“δ“

1069 418 1476 483 stancona,
1523 422 1691 471 car.
1732 406 1843 472 36.

1349 654 1564 707 NOTAE

347 762 602 817 victoria:
634 764 760 813 nihil
783 764 836 813 in
868 765 1036 815 aliena
1059 780 1158 829 ope
1181 766 1295 831 spei
1319 773 1410 819 aut

347 840 580 891 subsidii.
614 843 768 895 Quod
786 844 1008 895 omnium
1026 844 1407 907 elegantissime

349 920 608 981 expressit
625 916 831 969 Curtius
854 920 891 971 l.
913 932 1000 971 ιιι.
1034 924 1049 949 ‘
1065 920 1254 971 Duae...
1271 920 1409 973 acies

343 990 421 1041 ita
463 994 814 1055 cohaerebant,
852 1002 913 1045 ut
935 997 1091 1045 annis
1135 1010 1278 1046 arma
1301 1000 1410 1061 pul-

343 1076 540 1131 sarent,
577 1084 848 1123 mucrones
886 1071 942 1121 in
973 1086 1066 1125 ora
1103 1073 1408 1137 dirigerent.

343 1149 466 1200 Non
488 1150 688 1212 timido,
719 1164 822 1201 non
863 1152 1050 1215 ignavo
1071 1167 1280 1202 cessare
1297 1160 1408 1203 turn

339 1224 510 1289 licuit,
549 1227 738 1277 collato
793 1228 966 1290 pede;
1019 1227 1167 1291 qussi
1222 1228 1408 1292 singoli

342 1301 481 1353 inter
503 1318 560 1352 se
597 1304 928 1367 dimicarent,
966 1307 1016 1354 in
1050 1305 1230 1355 eodem
1255 1307 1408 1355 vesti-

339 1379 427 1442 gio
471 1380 700 1443 stabant,
733 1381 900 1432 donec
947 1382 1200 1432 vincendo
1234 1382 1406 1433 locum

343 1453 446 1503 sibi
469 1453 744 1505 facerent.'

402 1530 467 1580 In
489 1530 676 1595 uper-to]
711 1532 772 1581 Id
794 1539 893 1593 est,
918 1534 1147 1583 cominus
1171 1539 1226 1583 et
1249 1535 1409 1585 colla-

336 1611 392 1654 to
415 1606 572 1669 pede,
613 1607 750 1672 quod
783 1607 1030 1671 intelligit
1063 1609 1272 1659 Tacitus
1309 1624 1408 1673 per

335 1684 632 1746 amplexum
671 1696 929 1743 annorum.-
977 1684 1066 1732 illa
1099 1684 1213 1735 scil.
1255 1700 1406 1747 parva

331 1762 470 1808 scuta
493 1765 550 1807 et
571 1774 779 1809 enormes
813 1760 971 1821 gladii
1005 1774 1106 1809 uon
1141 1760 1405 1824 patieban-

337 1840 443 1898 tur',
467 1841 530 1884 ut
566 1850 771 1885 manum
808 1843 1157 1897 consererent,
1180 1840 1236 1885 ut
1266 1838 1282 1864 ‘
1301 1843 1405 1885 sta-

333 1919 418 1960 ret
460 1911 600 1977 pede
644 1926 756 1975 pes,
801 1911 1094 1976 densusque
1140 1913 1250 1961 viro
1296 1912 1406 1964 vir!

333 1986 472 2036 Nam
493 1986 570 2035 sic
593 1986 780 2035 armati
819 2000 1048 2050 pugnare
1087 1986 1407 2050 cogebantur

331 2062 554 2124 eminus,
573 2068 627 2113 ct
650 2063 754 2111 lato
791 2062 1058 2127 liberoque
1081 2075 1284 2127 campo,
1306 2078 1406 2127 quo

327 2136 444 2187 scil.
483 2136 710 2200 spatium
746 2142 882 2185 esset
919 2136 1140 2185 libi-andi
1179 2138 1405 2188 rotandi-

331 2226 436 2276 que
457 2212 575 2263 illos
598 2212 834 2275 ingentes
857 2211 1074 2275 gladios,
1138 2210 1330 2276 Itaque
1351 2214 1403 2261 in

327 2294 498 2352 aperto
537 2288 622 2337 bic
664 2287 974 2351 ambiguum,
1019 2293 1074 2336 et
1120 2289 1400 2352 opponitur

325 2364 659 2429 aliquatenus
715 2365 842 2425 lato,
895 2362 1160 2429 liberoque
1231 2366 1401 2429 spatio

325 2440 576 2489 movendi
599 2452 834 2503 corpora,
857 2438 1089 2500 brachia,
1133 2445 1190 2488 et
1233 2454 1394 2491 arma.

322 2516 504 2565 Etiam
525 2530 676 2579 parva
712 2520 844 2564 scuta
864 2528 966 2563 non
989 2515 1114 2569 satis
1146 2516 1399 2580 tegebant

322 2604 553 2655 corpora
596 2590 952 2651 barbarorum,
975 2597 1034 2639 ut
1077 2605 1308 2655 pugnare
1347 2593 1398 2640 in

319 2672 513 2729 aperto,
543 2680 634 2714 seu
671 2679 846 2727 presso
890 2666 1026 2728 pede
1057 2674 1270 2730 possent
1309 2666 1397 2716 ad·

319 2753 510 2792 versus
529 2741 805 2790 auxiliares
847 2742 974 2790 istos
1011 2741 1286 2806 Romanos,
1307 2745 1394 2808 qui

317 2818 447 2867 huic
463 2831 647 2882 pugnae
666 2815 813 2879 facti,
833 2822 890 2865 et
903 2818 1100 2879 pridem
1123 2820 1218 2868 hac
1236 2819 1392 2882 palae-

315 2900 436 2945 stra
476 2894 772 2955 exercitati,
807 2900 863 2941 et
905 2893 993 2956 qui
1037 2893 1395 2955 grandioribus

315 2970 526 3034 clypeis
551 2967 991 3031 protegebantur;
1027 2966 1218 3031 quique
1239 2982 1390 3017 enses

315 3045 597 3095 breviores
641 3042 1038 3106 habilioresque,
1059 3049 1114 3091 et
1146 3044 1398 3093 mucroni·

314 3124 422 3173 bus
446 3120 663 3170 infestos
704 3118 997 3183 gestabant,
1021 3132 1114 3181 pro
1138 3133 1282 3168 more
1305 3118 1395 3169 mi-

311 3200 454 3249 litiae
481 3198 628 3246 Rom.

387 3275 455 3324 In
493 3277 658 3337 aperto
695 3268 830 3319 forte
881 3270 1098 3332 dictum,
1148 3270 1272 3335 quia
1308 3285 1391 3321 res

313 3358 436 3401 tum
457 3355 647 3413 aperto
664 3348 860 3405 Marte,
882 3352 936 3395 et
961 3346 1157 3396 strictis
1192 3360 1392 3396 mucro·

310 3428 477 3477 nibus
510 3424 924 3487 transigebatur3
971 3422 1109 3486 quod
1141 3422 1276 3471 dixit
1296 3424 1392 3473 Ta-

309 3504 458 3554 citus
481 3514 656 3563 supra‚
685 3500 702 3526 ⁸
721 3506 781 3546 ut
804 3512 912 3545 rem
937 3496 1002 3545 ad
1035 3510 1308 3545 mucrones
1331 3512 1392 3549 ac

311 3592 507 3630 manus
546 3575 906 3625 adducerent)
973 3574 1251 3638 Nunquam
1285 3590 1392 3624 ma·

310 3654 396 3719 gin
421 3658 584 3717 aperto
605 3657 756 3701 marte
777 3656 1054 3715 pugnatur,
1094 3664 1246 3713 quam
1272 3666 1390 3700 cum

307 3732 328 3759 ⁴
359 3736 474 3780 stat
514 3727 646 3793 pede
685 3726 816 3789 pes,'
869 3741 1022 3790 quam
1067 3739 1183 3773 cum
1217 3724 1296 3774 vir
1335 3724 1389 3773 in

307 3806 488 3855 virum
532 3803 800 3865 distringit
840 3816 1030 3851 ensem.
1112 3796 1240 3851 Tum
1282 3816 1390 3851 cor·

309 3894 452 3945 pora
475 3878 792 3940 corporibus,
815 3883 869 3926 et
907 3890 1047 3925 arma
1084 3876 1238 3924 armis
1272 3890 1390 3924 con·

306 3960 467 4005 serta
509 3962 814 4017 apertaque,
858 3958 912 4001 et
955 3952 1097 4015 quasi
1142 3952 1392 4015 applicita

306 4031 586 4083 invicem:
625 4037 731 4078 tum
755 4036 934 4091 apertu
959 4027 1122 4075 virtus
1147 4035 1235 4076 unt
1253 4028 1390 4089 igna-

305 4108 430 4166 via,
468 4112 576 4154 tum
616 4106 760 4153 Mars
815 4110 1048 4165 apertus,
1095 4110 1200 4151 tum
1249 4104 1390 4151 Mars

305 4193 450 4232 vere
482 4178 780 4238 communis,
811 4185 862 4227 et
899 4192 1046 4225 nemo
1075 4177 1186 4241 jam
1209 4192 1390 4226 manus

303 4260 415 4309 aut
447 4254 690 4305 virtutem
735 4253 1140 4305 commilitonum
1183 4267 1392 4319 respec-

1489 774 1588 833 tat,
1608 783 1761 820 nemo
1798 770 2077 821 munimine
2119 770 2289 821 alieno
2316 784 2373 821 se
2408 774 2563 843 tegit,

1487 846 1540 894 in
1563 854 1730 910 scuto,
1754 847 1809 899 in
1842 847 2083 911 umbone,
2116 848 2171 897 in
2204 862 2361 897 manu
2398 850 2567 917 salus,

1488 921 1668 984 decus,
1689 929 1746 971 et
1771 922 2003 973 victoria.
2430 970 2439 978 .

1553 998 1616 1045 In
1636 999 1823 1061 aperto]
1873 998 2025 1051 Quod
2068 999 2300 1062 explicat
2338 1000 2559 1055 Tacitus

1489 1073 1629 1125 Hist.
1654 1088 1717 1125 11.
1734 1081 1815 1126 42.
1867 1076 1882 1103 ‘
1907 1077 2107 1127 Collato
2124 1079 2307 1141 gradu,
2324 1081 2557 1143 corpori-

1487 1148 1583 1199 bus
1606 1157 1662 1200 et
1682 1152 1985 1203 umbonibus
2000 1152 2113 1213 niti,
2132 1153 2317 1204 omisso
2336 1154 2559 1218 pilorum

1477 1226 1649 1290 jactu,
1684 1228 1869 1291 gladiis
1903 1235 1959 1278 et
2001 1228 2266 1278 securibus
2290 1231 2461 1293 galeas
2485 1232 2557 1282 lo·

1487 1303 1727 1368 ricasque
1748 1306 2119 1369 perrumpere‚'
2140 1309 2239 1355 διο.

1550 1378 1843 1441 Pugnantia
1862 1380 2049 1443 aperto]
2112 1380 2177 1429 Id
2201 1387 2297 1443 est,
2322 1395 2555 1445 pugnare

1487 1454 1705 1515 eminus,
1726 1460 1817 1505 aut
1839 1469 1905 1504 cx
1944 1457 2057 1507 loco
2094 1458 2319 1520 sublimi,
2338 1459 2422 1508 vel
2462 1474 2551 1510 ua-

1485 1534 1605 1577 tura
1630 1537 1723 1580 aut
1744 1536 1858 1579 arte
1880 1529 2125 1593 defenso;
2160 1532 2273 1581 scil.
2300 1534 2379 1582 vel
2405 1534 2553 1585 arbo·

1485 1604 1628 1655 ribus
1650 1613 1707 1655 et
1742 1606 1981 1671 virgultis
2014 1606 2222 1671 infesto,
2260 1616 2351 1657 aut
2374 1610 2427 1658 iu
2448 1602 2551 1675 ³51·-

1485 1679 1562 1728 vis
1583 1681 1687 1729 suis
1705 1687 1759 1729 et
1792 1682 2065 1744 paludibus
2084 1691 2289 1732 certare
2320 1684 2551 1737 mallent.

1481 1758 1689 1807 Talibus
1732 1774 1919 1823 nempe
1960 1760 2086 1808 locis
2124 1760 2319 1811 assueti
2357 1775 2550 1824 pugna-

1483 1832 1613 1883 bant
1656 1833 1921 1897 audacius,
1960 1837 2211 1897 locorum,
2243 1836 2355 1885 scil.
2396 1838 2549 1903 genio

1487 1911 1607 1971 tuti,
1650 1910 1893 1959 adversus
1938 1912 2042 1959 vim
2080 1911 2549 1977 strenuitatemque

1485 1985 1639 2035 Rom.
1703 1986 1780 2035 At
1795 1999 1911 2035 cum
1934 1992 2143 2037 ventum
2158 1994 2299 2036 esset
2334 1986 2401 2035 ad
2442 2002 2551 2037 ma-

1485 2077 1603 2123 nus,
1648 2075 1833 2125 resque
1878 2062 1945 2121 ad
1992 2077 2266 2113 mucrones
2320 2063 2552 2117 adducta

1482 2135 1638 2200 foret,
1654 2138 1705 2185 in
1721 2140 1835 2187 loco
1854 2153 2003 2204 oequo
2018 2146 2073 2189 et
2088 2144 2251 2201 aperto
2266 2138 2377 2202 jam
2400 2148 2547 2190 certe

1482 2228 1586 2263 non
1610 2214 1902 2265 tolerabant
1928 2230 2169 2280 pugnam,
2188 2222 2243 2265 et
2266 2216 2417 2279 longe
2438 2215 2546 2266 Ro.-

1481 2291 1646 2341 manis
1685 2292 1906 2357 impares
1937 2299 2115 2354 erant3
2172 2292 2261 2356 qui
2300 2292 2413 2341 scil.
2455 2292 2550 2341 tali

1479 2366 1618 2428 loco,
1634 2366 1870 2415 conferta
1908 2368 2039 2431 acie,
2060 2375 2115 2415 et
2135 2365 2350 2415 stataria
2372 2380 2549 2431 pugna

1479 2438 1688 2489 vincere
1712 2442 1980 2505 oppositos
2002 2457 2349 2507 quoscumque
2374 2443 2547 2493 hostes

1478 2514 1693 2565 indubie
1733 2516 1985 2566 solebant.
2050 2516 2217 2581 quue
2253 2516 2347 2565 soli
2391 2515 2549 2565 disci·

1479 2590 1637 2653 plinae
1658 2592 1805 2641 Rom.
1835 2607 2137 2641 eoncessum
2158 2607 2219 2641 eo
2257 2608 2387 2641 aevo.
2452 2592 2541 2641 Sic

1477 2678 1634 2727 supra
1656 2681 1703 2714 c.
1725 2670 1805 2715 3³.
1842 2668 1855 2693 ‘
1882 2665 2114 2716 Veniunt
2142 2682 2171 2715 a
2194 2666 2405 2715 latebris
2439 2665 2543 2717 suis

1476 2740 1673 2791 extrusi
1695 2758 1708 2789 :
1746 2757 1812 2791 eu
1828 2748 1947 2791 vota
1965 2742 2226 2807 virtusque
2250 2743 2303 2791 in
2322 2741 2545 2805 apert0,'

1475 2818 1572 2864 δῖε.
2054 2860 2062 2865 .

1539 2892 1601 2939 In
1624 2892 1809 2955 aperto]
1863 2896 1949 2943 De
1988 2909 2090 2959 qua
2134 2908 2320 2957 pugnoe
2364 2892 2542 2957 specie

1474 2965 1548 3015 sic
1592 2968 1698 3017 Dio
1744 2970 1779 3015 l.
1822 2982 2068 3019 xxxviii.
2114 2969 2215 3019 ‘In
2257 2969 2545 3018 Germanos

1477 3042 1773 3107 priusquam
1795 3044 1999 3093 ordines
2017 3045 2351 3105 instruerent,
2376 3046 2547 3095 incur·

1477 3133 1588 3167 sum
1631 3134 1748 3169 cum
1788 3120 2015 3170 clamore
2058 3120 2315 3179 feceruut,
2342 3119 2573 3183 jaculm,

1474 3193 1769 3259 tionemque
1808 3210 2006 3257 eorum,
2029 3211 2131 3261 que
2167 3197 2387 3245 maxime
2427 3195 2543 3245 bar·

1475 3269 1584 3319 bari
1638 3270 1890 3333 fidebant,
1956 3279 2366 3322 anteverterunt.
2454 3272 2543 3322 Ita

1475 3347 1733 3409 congressi
1758 3355 1878 3396 sunt
1902 3348 2140 3409 Romani,
2161 3355 2220 3397 ut
2256 3348 2431 3396 hostes
2450 3361 2542 3395 ne·

1475 3434 1572 3484 que
1596 3421 1767 3469 contis
1798 3437 1966 3487 neque
2007 3422 2192 3488 gladiis
2228 3422 2543 3485 longioribus

1474 3496 1550 3543 uti
1598 3503 1827 3559 possent.
1893 3497 2063 3560 Igitur
2097 3498 2305 3547 barbari
2337 3498 2541 3561 jactare

1472 3588 1563 3622 suu
1575 3586 1813 3637 corpora,
1833 3574 2144 3639 tradereque
2160 3591 2175 3635 ς
2208 3574 2367 3638 iisque
2380 3574 2541 3637 magis

1471 3665 1624 3714 quam
1666 3651 1821 3699 armis
1840 3652 1937 3712 uti,
1967 3650 2117 3700 obvio
2160 3663 2359 3713 quoque
2393 3663 2541 3697 ever-

1470 3725 1633 3773 tendo
1671 3724 2062 3789 dejiciendoque
2086 3737 2309 3787 pugnam
2344 3721 2539 3773 facere.

1469 3798 1631 3848 Multi
1652 3799 1943 3848 breviorum
1962 3800 2115 3848 etiam
2140 3798 2424 3861 gladiorum
2443 3814 2541 3849 usu

1469 3874 1757 3937 interclusi,
1778 3886 1953 3923 eorum
1978 3875 2111 3935 loco,
2133 3874 2363 3923 manibus
2380 3882 2538 3939 atque

1471 3964 1560 3997 ore
1602 3950 1866 4013 pugnare)
1932 3948 2051 3998 Hoc
2074 3956 2154 3998 est
2175 3949 2341 3997 statim
2360 3964 2458 3997 rem
2476 3950 2539 3996 ad

1469 4040 1709 4074 mucrones
1740 4040 1795 4073 uc
1817 4040 1981 4074 munus
2008 4026 2252 4085 adducere,
2273 4038 2373 4088 quo
2408 4023 2536 4072 satis

1469 4102 1655 4164 innuit,
1676 4101 1799 4165 quid
1846 4101 2105 4163 intelligat
2128 4114 2221 4163 per
2252 4100 2537 4163 complexum

1469 4192 1703 4226 armorum
1739 4183 1794 4225 et
1817 4178 1869 4225 in
1904 4182 2067 4239 aperto
2082 4190 2308 4238 pugnam.
2372 4174 2461 4222 Sic
2482 4178 2539 4223 et

1471 4252 1803 4303 Herodianus
1841 4254 1881 4303 l.
1916 4264 1995 4303 iv.
2048 4250 2139 4301 ubi
2180 4248 2249 4299 de
2284 4247 2535 4299 Parthina

453 4334 626 4404 Daph.
642 4343 690 4389 et
717 4337 832 4390 Var.
863 4339 998 4415 cm?
1367 4334 1524 4385 Tacit.
2268 4334 2331 4380 1⁰
2352 4328 2402 4379 R
