3175 4934
1249 431 1648 481 DlALoGUS.

1335 666 1559 718 NOTA-3

341 776 448 827 bit:
483 791 584 827 non
607 776 940 829 humanitatis
955 779 1124 829 solum
1146 779 1408 829 communi

342 853 530 904 duetus
552 852 740 916 officio,
768 856 859 903 sed
901 870 1078 905 amore
1100 856 1324 920 quodam
1356 870 1409 905 o-

341 929 504 993 peris.
577 930 748 981 Nemo
771 931 908 981 euim
933 933 1092 981 minui
1115 933 1246 982 velit
1263 932 1338 997 id,
1357 934 1408 984 iu

333 1017 447 1068 quo
487 1004 738 1053 maximus
768 1002 888 1055 fuit.
953 1006 1096 1059 Quid
1137 1020 1288 1070 porro
1325 1014 1410 1058 est

341 1078 625 1137 honestius,
642 1094 794 1144 quam
828 1081 1022 1131 docere
1044 1081 1180 1145 quod
1215 1083 1409 1146 optime

339 1152 514 1219 scias?
545 1153 634 1202 Sic
657 1168 712 1203 se
737 1154 803 1203 ad
827 1156 1045 1221 Coelium
1075 1156 1356 1208 deductum
1376 1173 1409 1207 a

345 1236 498 1293 patre
545 1230 734 1279 Cicero
773 1232 1068 1295 profitetur.
1147 1236 1236 1284 Sic
1273 1235 1411 1285 Pan-

335 1320 470 1369 sam,
503 1306 754 1371 Hirtium,
791 1309 1114 1359 Dolabellam
1137 1312 1190 1359 in
1215 1325 1410 1361 morem

345 1387 684 1447 praeceptoris
706 1388 961 1448 exercuit,
983 1389 1210 1453 quotidie
1233 1389 1410 1441 dicens

347 1461 702 1524 audiensque?
736 1462 904 1513 Etiam
929 1477 984 1513 x.
1010 1470 1060 1513 ⁶.
1095 1467 1108 1493 ‘
1135 1468 1312 1519 Quare
1327 1468 1410 1530 ju-

345 1536 512 1599 venis,
549 1537 638 1600 qui
681 1539 934 1588 rationem
973 1539 1270 1590 inveniendi
1305 1542 1411 1591 elo·

347 1612 643 1677 quendique
659 1628 690 1661 a
710 1617 1113 1678 praeceptoribus
1131 1618 1413 1681 diligenter

345 1690 629 1752 acceperit,
654 1688 816 1755 (quod
851 1706 952 1740 nou
975 1702 1055 1743 est
1078 1693 1266 1744 infiniti
1289 1710 1413 1758 ope-

345 1762 436 1826 ris,
469 1765 515 1812 si
553 1764 744 1813 docere
778 1768 969 1830 sciant)
992 1777 1046 1819 et
1080 1770 1414 1821 exercitatio-

345 1854 466 1889 nem
489 1856 694 1905 quoque
713 1842 968 1893 modicam
991 1842 1150 1894 fuerit
1171 1860 1416 1896 consecu-

349 1920 448 1975 tus,
469 1922 730 1965 oratorem
773 1917 872 1966 sibi
911 1918 1132 1982 aliquem
1156 1919 1322 1985 (quod
1367 1936 1417 1971 a·

347 1989 458 2053 pud
511 1992 732 2055 majores
775 1990 888 2042 fieri
935 1994 1162 2056 solebat)
1203 1996 1416 2060 deligat,

349 2079 501 2129 quem
525 2075 790 2131 sequatur,
812 2084 966 2133 quem
997 2071 1243 2137 imitetur,
1272 2074 1412 2136 judi-

346 2140 443 2191 ciis
461 2139 666 2189 intersit
689 2144 1098 2207 quamplurimis,
1129 2154 1186 2196 et
1214 2148 1284 2196 sit
1304 2162 1415 2197 cer-

350 2214 570 2277 taminis,
585 2216 668 2263 cni
681 2216 992 2281 destinatur,
1010 2217 1252 2285 frequens
1269 2236 1412 2285 spee-

353 2296 520 2350 taron
557 2298 662 2339 tum
702 2306 884 2343 causas
925 2295 1006 2343 vel
1045 2297 1252 2349 easdem
1289 2314 1414 2363 quas

353 2366 436 2429 agi
457 2367 698 2428 audierit,
729 2370 867 2431 stylo
901 2378 957 2419 et
993 2371 1104 2432 ipse
1127 2381 1420 2437 componat,

351 2440 435 2489 vel
459 2442 616 2489 etiam
637 2443 784 2503 alias,
799 2458 948 2494 veras
963 2446 1115 2497 modo
1133 2463 1146 2495 ε
1171 2454 1229 2497 et
1243 2450 1419 2498 utrim-

351 2530 452 2581 que
478 2523 703 2565 traetet:
738 2524 796 2565 et
813 2520 950 2582 quod
974 2522 1026 2566 in
1049 2522 1420 2581 gladiatoribus

353 2591 465 2641 fieri
490 2592 738 2651 videmus,
761 2593 810 2641 in
848 2594 1003 2643 rebus
1027 2594 1159 2644 actis
1181 2610 1423 2647 exerces-

358 2677 462 2730 tnr,
499 2677 557 2716 ut
596 2667 784 2717 fecisse
819 2670 1042 2718 Brutum
1079 2668 1301 2721 diximus
1326 2687 1422 2737 pro

358 2744 590 2793 Milone.'
675 2746 872 2793 Rursus
913 2759 1092 2795 causas
1140 2748 1286 2798 addit
1327 2764 1424 2799 cur

358 2821 624 2883 eligendus
649 2822 872 2884 optimus
894 2821 960 2872 sit
983 2829 1278 2886 praeceptor
1297 2838 1360 2875 n.
1377 2831 1425 2875 4.

355 2898 374 2925 ‘
408 2898 472 2950 In
519 2900 701 2961 primis
748 2899 1018 2959 evitandus
1058 2908 1114 2949 et
1155 2901 1206 2948 in
1251 2902 1427 2963 pueris

359 2975 622 3039 praecipue
645 2975 892 3037 magister
921 2974 1110 3038 aridus,
1133 2989 1236 3024 uon
1257 2977 1424 3026 minus

347 3064 510 3115 ‚quam
535 3052 730 3099 teneris
754 3050 921 3099 adbuc
942 3050 1134 3113 plantis
1151 3050 1344 3100 siccum
1365 3059 1424 3101 et

359 3127 470 3175 sine
503 3127 714 3176 humore
747 3127 852 3176 ullo
890 3128 1072 3177 solum.
1138 3127 1271 3181 Inde
1291 3126 1423 3178 fiunt

359 3202 578 3252 humiles
599 3202 796 3265 statim,
815 3209 870 3251 et
893 3204 1036 3253 velut
1058 3209 1251 3253 terram
1276 3218 1422 3266 spec-

361 3284 554 3338 tamini,
594 3278 680 3342 qui
719 3278 846 3337 nihil
881 3294 1036 3341 supra
1072 3280 1424 3343 quotidianum

1487 778 1812 829 concedunt:
1848 779 1939 829 sed
1963 779 2211 841 prodesse
2234 792 2347 828 eam
2368 792 2472 829 uon
2496 784 2558 829 nt

1487 862 1691 905 ceteras
1712 862 1870 918 artes,
1888 870 2003 903 cum
2040 862 2305 919 perceptae
2330 854 2449 917 nint,
2465 854 2557 903 secl

1485 946 1604 997 cum
1626 932 1877 992 discatur,
1898 932 2215 981 existimant.
2286 929 2345 977 ld
2382 930 2562 994 vulga·

1486 1006 1558 1055 ris
1579 1006 1754 1069 opinio
1776 1014 1873 1055 est.
1930 1007 2043 1055 Nec
2068 1006 2175 1054 sine
2198 1021 2354 1054 rausa
2376 1004 2561 1055 summi

1489 1079 1586 1129 viri
1628 1082 1787 1131 etiam
1832 1084 2111 1145 impensam
2158 1082 2279 1130 huic
2326 1082 2558 1131 scientiae

1489 1172 1699 1221 operam
1722 1157 2015 1207 dederuut.’

1555 1232 1703 1283 Idem
1735 1234 1769 1282 l.
1794 1246 1832 1281 1.
1858 1237 1936 1281 1⁰.
1969 1234 1983 1260 ⁶
2010 1234 2167 1293 Quid,
2198 1234 2456 1297 inquiunt,
2489 1233 2559 1283 ad

1488 1310 1739 1371 agendam
1760 1326 1981 1369 cansam,
1999 1311 2335 1361 dicendamve
2352 1318 2561 1360 senten·

1493 1385 1619 1433 tiam
1661 1386 1891 1447 pertinet
1938 1385 2089 1445 scire,
2130 1385 2563 1455 quemadmodum

1493 1463 1544 1511 in
1560 1460 1681 1509 data
1698 1462 1832 1509 linea
1850 1462 2099 1510 constitui
2122 1462 2377 1524 triangula
2398 1460 2559 1525 :equis

1492 1536 1739 1586 lateribus
1764 1538 1995 1600 possint?
2027 1537 2136 1586 Ant
2154 1552 2256 1601 quo
2280 1538 2458 1586 melius
2476 1537 2563 1586 vel

1492 1609 1745 1661 defendet
1770 1626 1933 1672 reum,
1951 1612 2032 1660 vel
2053 1620 2203 1675 reget
2224 1612 2459 1673 consilis,
2472 1608 2565 1677 qui

1491 1688 1709 1739 citbsrae
1754 1702 1907 1737 sonos
1949 1688 2238 1739 nominibus
2284 1695 2339 1738 et
2384 1688 2567 1751 spatiis

1493 1764 1791 1813 distinxerit
1804 1765 2071 1827 ?...quibns
2092 1779 2191 1823 ego
2224 1760 2445 1827 primum
2468 1763 2567 1813 boe

1494 1840 1799 1901 respondeo,
1814 1840 1953 1902 quod
1976 1847 2031 1889 et
2054 1841 2131 1888 M.
2157 1842 2345 1889 Cicero
2366 1840 2567 1904 scripto

1497 1914 1562 1965 sd
1581 1916 1803 1964 Brutum
1821 1915 1953 1964 libro
1972 1914 2300 1979 frequentius
2324 1923 2569 1977 testatur,

1496 2009 1600 2045 non
1640 2010 1757 2043 eum
1794 2009 1825 2043 a
1862 1994 2011 2043 nobis
2052 1994 2254 2045 institui
2292 2001 2567 2059 oratorem,

1492 2072 1580 2135 qui
1625 2070 1711 2132 sit,
1755 2078 1848 2118 aut
1896 2068 2091 2119 fuerit:
2150 2070 2242 2119 sed
2289 2070 2569 2135 imaginem

1491 2146 1747 2211 quandam
1784 2147 2085 2210 concepisse
2120 2160 2211 2194 nos
2248 2146 2417 2196 animo
2451 2162 2569 2211 per-

1493 2220 1621 2272 fecti
1660 2222 1815 2283 illius,
1836 2236 1902 2271 ex
1942 2222 2083 2270 nulla
2116 2228 2267 2285 parte
2302 2224 2569 2275 cessantis.

1499 2298 1633 2347 Nam
1676 2306 1731 2347 et
1773 2298 2061 2360 sapientem
2098 2296 2385 2347 formantes
2431 2314 2571 2361 eum,

1497 2374 1587 2436 qni
1615 2374 1680 2421 sit
1703 2374 1905 2423 futurus
1928 2380 2309 2422 consummatus
2326 2374 2573 2439 undique,

1500 2453 1556 2497 et
1575 2448 1663 2511 (ut
1687 2448 1895 2511 dicunt)
1925 2448 2156 2497 mortalis
2180 2448 2386 2512 quidam
2410 2450 2577 2511 Deus,

1503 2538 1605 2573 non
1643 2525 1793 2573 modo
1835 2525 2131 2587 cognitione
2167 2525 2451 2574 coelestium
2493 2525 2575 2575 vel

1503 2600 1799 2645 mortalium
1835 2608 2024 2659 putant
2058 2600 2451 2662 instituendum,
2480 2602 2573 2651 sed

1503 2684 1598 2732 per
1618 2672 1857 2735 qnoedam
1896 2686 2057 2735 parva
2078 2688 2221 2733 saue,
2257 2675 2301 2723 si
2335 2676 2451 2738 ipsa
2488 2677 2576 2727 de-

1503 2760 1643 2795 mum
1658 2748 1903 2809 aestimes,
1917 2747 2127 2809 ducunt,
2139 2750 2278 2799 sicut
2292 2752 2578 2815 exquisita

1505 2820 1709 2870 iuterim
1732 2822 2121 2886 ambiguitates,
2140 2828 2238 2873 διο.
2276 2827 2415 2877 Quia
2432 2826 2577 2877 illum

1507 2910 1572 2943 ne
1596 2897 1647 2945 in
1672 2897 1893 2945 minimis
1932 2896 2141 2960 quidem
2171 2907 2419 2960 oporteat
2448 2899 2579 2953 falli.

1506 2971 1756 3019 Similiter
1778 2979 2059 3035 oratorem,
2078 2974 2165 3037 qui
2194 2974 2351 3025 debet
2368 2990 2481 3024 esse
2501 2990 2580 3027 sa-

1504 3047 1671 3110 piens,
1692 3061 1789 3095 non
1814 3046 2127 3097 Geometres
2151 3048 2333 3112 faciet,
2354 3058 2443 3101 sut
2460 3052 2582 3101 Mu-

1503 3124 1657 3185 sicus,
1678 3138 1898 3188 qumque
1918 3124 1999 3173 liis
2018 3126 2121 3173 alia
2135 3126 2467 3191 subjungam,
2486 3130 2576 3179 sed

1503 3200 1584 3249 hae
1603 3214 1805 3264 quoque
1822 3206 1981 3259 artes,
2000 3206 2059 3249 ut
2082 3200 2151 3249 sit
2175 3210 2576 3265 consummatus,

1497 3275 1794 3338 juvabunt.'
1829 3276 1913 3323 Sic
1936 3282 1991 3324 et
2016 3276 2083 3325 de
2104 3276 2479 3342 Grammatiea,
2504 3282 2580 3331 sic

362 3366 652 3403 sermonem
673 3354 914 3403 attollere
939 3354 1186 3405 audeant.
1229 3356 1427 3405 Macies
1505 3352 1570 3400 de
1587 3351 2041 3413 PhilosophimetJ
2047 3353 2153 3400 uris
2165 3352 2329 3401 civilis
2343 3356 2586 3421 scientia,

353 3430 462 3485 ,illis
486 3444 582 3493 pro
601 3430 846 3493 sanitate,
865 3438 922 3479 et
931 3430 1118 3494 judicii
1141 3431 1257 3479 loco
1289 3428 1427 3479 infir·
1509 3434 1564 3475 et
1603 3428 1717 3476 aliis
1740 3423 1936 3475 artibus
1960 3426 2129 3488 addit,
2150 3430 2297 3492 quasi
2335 3432 2573 3483 absolute

363 3506 517 3557 mites
541 3512 650 3556 est:
689 3513 745 3556 et
767 3506 889 3554 dum
915 3508 1052 3571 ‘satis
1078 3513 1266 3571 putant
1289 3508 1427 3555 vitiis
1508 3503 1815 3551 necessariae
1840 3503 1943 3559 sint
1968 3502 2207 3564 perfecto
2230 3508 2439 3557 oratori.

363 3597 567 3643 carere,
607 3584 658 3631 in
699 3582 924 3645 idipsum
965 3582 1196 3631 incidunt
1233 3583 1430 3646 vitium,
1573 3580 1663 3627 Sic
1702 3586 1756 3627 et
1798 3580 2035 3627 inertiam
2063 3581 2315 3643 juvenum
2340 3584 2585 3651 castigat,

365 3658 504 3722 quod
529 3658 804 3707 virtutibus
825 3659 1044 3709 carent!
1511 3662 1568 3706 et
1609 3656 1675 3703 de
1715 3658 1885 3704 scenis
1926 3656 2375 3722 scholasticorum,
2420 3670 2476 3711 et
2514 3661 2584 3712 de

355 3788 363 3796 ,
433 3732 618 3795 Arguit
641 3734 798 3783 etiam
838 3734 1096 3799 simulque
1130 3735 1288 3785 docet
1309 3737 1432 3784 mul·
1511 3731 1649 3797 fictis
1672 3733 2134 3783 declamationibus
2178 3736 2315 3784 idem
2344 3738 2505 3788 sentit
2526 3744 2585 3789 et

366 3810 436 3858 tis
459 3808 655 3857 artibus
679 3816 734 3858 et
757 3812 990 3860 scientiis
1027 3810 1222 3861 debere
1251 3811 1434 3860 instrui
1515 3808 1675 3857 tradit
1695 3810 1748 3856 iu
1778 3809 2196 3859 Institutionibus
2212 3814 2467 3863 oratoriis.
2498 3814 2585 3863 Sic

361 3884 608 3949 juvenem
647 3886 892 3947 perfectae
929 3889 1238 3952 eloquentiae
1279 3888 1432 3937 desti·
1513 3898 1639 3946 ergo
1671 3896 1771 3931 111.
1796 3888 1873 3933 11.
1906 3886 1923 3911 ⁴
1954 3886 2137 3947 Neque
2177 3887 2311 3933 enim
2351 3896 2442 3937 aut
2476 3896 2583 3939 tam

369 3967 562 4011 natum.
595 3961 680 4009 sic
705 3961 860 4022 igitur
881 3962 1040 4012 habet
1059 3964 1278 4015 Quintil.
1300 3976 1339 4013 1.
1359 3967 1435 4011 10.
1517 3961 1787 4023 perplexa,
1832 3968 1919 4008 aut
1970 3968 2073 4009 tam
2125 3976 2396 4012 numerosa
2440 3972 2585 4031 sunt,

367 4038 386 4066 ‘
411 4036 474 4087 In
499 4036 802 4085 Geometria
838 4046 1038 4098 partem
1063 4037 1296 4087 fatentur
1327 4052 1438 4087 esse
1521 4050 1631 4099 quar
1658 4042 1919 4099 premunt,
1956 4044 2013 4084 ut
2048 4050 2145 4083 non
2192 4051 2473 4098 paucorum
2497 4040 2587 4091 ad-

369 4114 765 4165 utilem.teueris
793 4114 1059 4174 aetatibus3
1085 4116 1272 4179 agitari
1299 4130 1436 4163 nain·
1517 4113 1725 4163 modum
1769 4126 2011 4161 annorum
2058 4114 2342 4163 intentione
2386 4115 2589 4167 discan-

373 4205 473 4255 que
519 4190 731 4253 animos,
773 4198 929 4254 atque
971 4192 1088 4242 acui
1125 4192 1346 4255 ingenia,
1380 4198 1436 4241 et
1517 4196 1621 4239 tur.
1708 4189 1939 4249 Iaongam
1993 4188 2127 4237 enim
2175 4186 2305 4238 facit
2338 4204 2588 4257 operum,

373 4266 696 4327 celeritatem
733 4266 1058 4331 percipiendi
1093 4268 1270 4317 venire
1313 4267 1435 4317 inde
1513 4264 1653 4330 quod
1676 4275 2039 4329 repugnamus,
2058 4266 2160 4315 &m
2230 4265 2427 4318 Cetera
2444 4282 2593 4335 vero,
