3175 4934
601 392 780 463 8762

1395 411 1494 459 1)ss
1537 407 2021 461 (marcuinus

1598 645 1815 700 NOTAE

593 755 683 820 ,ius
723 756 821 805 aevi
851 762 1111 823 oratores,
1129 764 1184 808 et
1208 760 1412 825 quidem
1440 760 1661 813 ‘iisdem

599 833 828 898 ipsorum
873 836 1096 884 numeris
1140 843 1198 885 et
1239 838 1566 900 rationibus:
1600 846 1663 889 ut

597 909 711 973 ipse
751 916 976 960 testatur
999 918 1201 973 auctor,
1236 914 1408 977 longe,
1439 914 1663 980 inquam,

596 986 698 1035 alia
737 986 872 1035 ratio
893 992 972 1035 ert
993 986 1185 1051 dialogi
1207 990 1662 1040 etinstltutlonum

599 1066 787 1111 orator.
839 1074 950 1125 qnae
987 1067 1186 1113 tantum
1221 1066 1538 1129 praecipiunt
1583 1080 1664 1115 re-

597 1138 744 1200 gulas
765 1138 1032 1201 quasdam,
1071 1146 1162 1188 aut
1193 1146 1342 1191 certe
1379 1142 1574 1204 placita
1599 1157 1663 1193 ac

597 1218 866 1275 praecepta
877 1214 1238 1277 magistrorum
1254 1215 1380 1265 artis
1396 1214 1661 1277 referunt;

595 1286 650 1335 in
673 1288 882 1352 quibus,
903 1290 1014 1337 scil.
1037 1302 1134 1338 nec
1165 1288 1422 1340 liberrime
1442 1293 1661 1355 spatiari

587 1360 758 1427 juvat,
781 1370 870 1413 ant
905 1360 1080 1425 decet,
1115 1366 1204 1413 ubi
1240 1368 1354 1415 scil.
1385 1368 1526 1417 nulla
1547 1382 1661 1431 per-

598 1446 756 1503 petua
778 1440 963 1500 oratio,
1005 1448 1060 1489 et
1099 1440 1185 1489 nbi
1209 1456 1310 1506 quo
1349 1444 1660 1494 breviorre-

599 1514 722 1577 gula
757 1512 936 1576 fuerit,
967 1517 1118 1565 modo
1156 1518 1434 1581 perspicua
1472 1520 1559 1580 sit,
1596 1534 1660 1569 co

597 1589 778 1639 melior
811 1596 910 1639 est.
987 1590 1072 1639 Sic
1110 1592 1268 1654 igitur
1305 1593 1661 1643 institutiones

595 1664 725 1712 nihil
755 1660 868 1713 fere
907 1664 1220 1730 eloquentie
1263 1668 1506 1718 Fabianae
1531 1682 1662 1732 prm-

593 1738 789 1802 ferant,
819 1748 912 1791 ant
933 1751 1079 1793 certe
1113 1753 1278 1806 pauca
1312 1745 1582 1795 admodum
1606 1752 1661 1795 et

595 1818 836 1880 exempla
857 1818 972 1867 lia-c
993 1820 1183 1882 smpins
1208 1834 1274 1869 ex
1297 1822 1526 1886 antiquis
1550 1836 1661 1872 ora-

595 1893 796 1942 toribus
819 1900 875 1943 et
901 1897 1164 1958 magistris
1193 1896 1445 1969 desumta,
1467 1909 1570 1946 non
1594 1913 1659 1947 ex

595 1969 710 2033 ipso
733 1972 880 2019 Fabii
907 1973 1132 2035 ingenio.
1167 1974 1434 2023 Habemus
1457 1980 1659 2024 tantum

597 2045 835 2107 quaedam
867 2046 1026 2109 ipsius
1047 2048 1298 2110 prooemia
1317 2056 1372 2098 et
1393 2050 1510 2099 loca
1531 2064 1657 2101 non·

597 2120 756 2181 nulla,
791 2136 906 2185 quae
943 2131 1090 2172 certe
1133 2125 1355 2173 nitorem
1393 2132 1450 2174 et
1483 2126 1659 2175 facun-

595 2195 714 2245 dam
747 2198 884 2247 illins
921 2200 1070 2249 nobis
1109 2200 1376 2263 exhibent,
1417 2203 1510 2251 scd
1555 2214 1657 2252 non

594 2273 769 2335 plene,
789 2288 958 2339 neque
997 2277 1121 2326 satia
1160 2276 1385 2341 abunde,
1405 2286 1464 2328 ut
1483 2280 1660 2329 sintii}-

595 2349 724 2397 tudo
747 2349 935 2414 dialogi
961 2352 1168 2415 penitus
1188 2353 1512 2404 inclarescat.
1583 2356 1657 2407 At

592 2423 640 2472 ai
661 2422 968 2475 haberemus
989 2427 1234 2491 quasdam
1267 2430 1528 2481 orationes
1547 2432 1659 2495 ejus

595 2501 888 2564 continuas,
903 2508 964 2551 nt
983 2516 1094 2551 eam
1113 2518 1265 2568 quam
1287 2506 1514 2564 prior-m
1537 2509 1661 2552 emi-

595 2576 682 2637 sit,
717 2582 774 2624 et
811 2589 964 2639 qnam
1003 2574 1140 2638 apud
1173 2576 1406 2639 reginam
1445 2576 1662 2625 Bereni-

593 2662 706 2703 cem
719 2650 900 2699 habuit
915 2650 966 2697 in
985 2662 1077 2697 sna
1095 2663 1272 2711 causa3
1295 2650 1338 2699 ai
1357 2651 1661 2702 haberemus

596 2726 754 2776 etlam
777 2732 942 2775 totum
985 2730 1039 2774 et
1072 2725 1330 2790 integrum
1361 2726 1662 2793 Dialogum,

593 2816 679 2851 res
717 2801 868 2865 louge
905 2801 1092 2851 clarius
1123 2802 1487 2854 innotesceret.
1552 2804 1658 2853 Sed

591 2880 730 2929 hunc
753 2880 938 2929 ntisere
967 2876 1286 2942 discerptum
1307 2892 1370 2928 ac
1393 2879 1657 2929 semilace-

595 2968 730 3019 rum,
753 2955 1019 3018 precipue
1053 2955 1196 3005 circa
1217 2954 1389 3011 finem,
1417 2955 1564 3004 nobis
1584 2957 1661 3005 in-

593 3033 781 3083 curiosi
804 3032 1000 3097 antiqui
1025 3032 1374 3097 reliquernnt:
1409 3034 1548 3097 quod
1573 3046 1662 3081 au-

595 3116 688 3174 get
709 3107 1067 3158 difficultatem
1084 3108 1288 3171 judicii.

658 3184 927 3245 Attamen,
943 3184 984 3232 si
1003 3182 1369 3246 profluentium
1389 3184 1528 3233 illam
1553 3198 1659 3234 ser-

595 3261 759 3310 monis
779 3259 1027 3321 excipias,
1045 3270 1160 3321 quae
1183 3259 1236 3307 in
1259 3258 1470 3322 dialogo
1481 3260 1659 3309 elucet

593 3337 776 3400 magis,
791 3350 850 3385 re
867 3340 1068 3385 attente
1086 3341 1142 3383 et
1163 3334 1344 3383 sedulo
1363 3344 1659 3400 perspecta,

595 3412 766 3461 omnia
802 3412 1004 3475 similia,
1043 3424 1302 3476 genuam,
1339 3411 1514 3475 parla3
1567 3418 1659 3461 aut

591 3494 738 3536 certe
775 3488 858 3535 vel
899 3487 1080 3536 eadem
1123 3488 1348 3550 reperies
1391 3489 1444 3537 in
1487 3488 1655 3538 instit.

593 3562 830 3612 oratoriis
867 3569 923 3612 et
962 3564 1014 3611 in
1049 3563 1258 3627 dialogo
1287 3564 1408 3614 isto.
1478 3564 1657 3629 Ratio,

594 3639 741 3701 ordo,
759 3639 961 3703 modus,
981 3639 1270 3703 methodus,
1306 3641 1654 3705 probationes,

589 3715 1020 3777 comparationes,
1075 3714 1456 3778 similitudines,
1505 3728 1658 3780 argu-

590 3798 787 3854 menta,
821 3793 1080 3856 exempla,
1117 3790 1290 3841 omnia
1325 3794 1526 3857 similia,
1563 3800 1655 3845 aut

591 3874 738 3918 certe
761 3868 940 3917 eadem
971 3867 1086 3917 fere
1105 3868 1413 3933 quandoque
1453 3870 1516 3918 ad
1539 3884 1653 3919 ver-

591 3944 712 3993 bum
753 3944 1035 4007 exscripta.
1129 3945 1555 4008 Comparationes
1596 3954 1655 3996 et

590 4018 950 4069 similitudines
971 4018 1082 4069 fere
1115 4020 1366 4070 desumtae
1404 4034 1468 4070 ex
1497 4023 1653 4071 musi·

593 4112 673 4159 ca,
697 4110 762 4145 ex
789 4096 1061 4159 medicina,
1099 4110 1164 4145 ex
1187 4097 1368 4146 habitu
1399 4099 1655 4161 corporis,

593 4188 660 4224 ex
699 4175 822 4223 ludo
861 4174 1202 4238 gladiatorum
1235 4182 1324 4223 aut
1359 4173 1653 4225 certamini-

592 4250 687 4299 bus
723 4249 1052 4313 athletarum,
1085 4264 1182 4313 per
1217 4252 1653 4316 comparationem

1740 760 1943 813 scilicet
1966 774 2082 809 cum
2106 758 2465 809 umbratilibus
2486 757 2819 807 decimato-

1740 850 1869 901 rum,
1906 844 1999 886 ant
2032 836 2163 884 reris
2196 842 2457 883 oratorum
2496 834 2727 897 μι-Ιίἰες
2760 844 2823 881 e-

1742 912 1865 961 tiam
1890 920 1947 961 ct
1968 924 2032 960 ex
2058 911 2237 973 spatiis
2275 914 2333 959 et
2368 924 2525 958 cursu
2554 922 2821 973 equorum

1742 988 2008 1051 nobilium,
2024 994 2115 1036 ant
2136 988 2295 1035 etiam
2310 999 2375 1034 ex
2399 986 2601 1049 pictura
2624 991 2683 1033 et
2704 992 2821 1033 atu-

1743 1064 1915 1115 tuaria
1936 1063 2147 1127 antiqua
2174 1068 2233 1111 et
2247 1075 2401 1123 nova,
2422 1070 2511 1109 ant
2532 1061 2617 1108 vel
2642 1074 2713 1107 ex
2736 1060 2823 1123 ip·

1744 1154 1801 1188 aa
1822 1140 2137 1201 agricultura
2154 1144 2212 1186 et
2232 1136 2571 1186 economica:
2606 1149 2677 1181 ex
2698 1135 2825 1198 qui-

1742 1216 1839 1264 bua
1858 1214 2013 1264 facile
2032 1212 2313 1263 similitudo
2344 1210 2539 1274 ingenii
2558 1217 2615 1259 et
2636 1218 2825 1260 aucto·

1740 1284 2112 1354 ris'colligitur.

1804 1367 2001 1417 Eadem
2014 1372 2095 1415 est
2106 1365 2245 1414 ratio
2254 1361 2617 1426 utroqueiibro
2632 1377 2647 1419 ;
2670 1360 2822 1411 iden

1740 1450 1823 1492 cat
1840 1444 1971 1493 ordo
1982 1441 2281 1506 disputandi
2298 1441 2348 1488 in
2365 1438 2595 1501 dialogo,
2606 1440 2663 1484 et
2680 1450 2823 1500 prn-

1740 1518 1969 1581 cipieudi
2006 1518 2059 1565 in
2096 1514 2503 1565 institutionibus
2544 1512 2823 1573 oratoriis,

1742 1602 1799 1643 ct
1828 1592 2141 1643 informandi
2168 1592 2435 1655 juvenem,
2456 1595 2514 1637 ut
2538 1586 2821 1651 perfectus

1740 1669 1931 1719 evadat
1968 1674 2163 1718 orator.
2251 1666 2367 1717 Nec
2411 1664 2585 1727 potuit
2632 1670 2825 1711 orator

1737 1743 1925 1794 afferre
1966 1760 2145 1793 causas
2182 1750 2445 1804 corruptae
2480 1738 2823 1803 eloquentie,

1738 1822 1863 1886 quin
1886 1822 2051 1870 malta
2072 1820 2225 1869 simul
2254 1824 2497 1881 argueret
2520 1816 2575 1863 iu
2602 1814 2823 1877 juveni-

1738 1899 1855 1961 bus,
1876 1900 1925 1947 iu
1952 1897 2273 1962 parentibus,
2306 1895 2359 1943 in
2384 1893 2647 1956 magistris
2668 1889 2823 1953 ipsis,

1738 1980 1795 2023 et
1816 1972 2007 2023 scholis
2030 1967 2623 2032 declamationum,quiu
2645 1968 2821 2015 multu

1740 2058 2009 2115 print-epta
2032 2051 2157 2100 artia
2173 2047 2466 2108 exhiberet,
2490 2042 2741 2101 referret,
2757 2050 2825 2093 et

1740 2129 1887 2192 qnasi
1934 2128 2269 2186 instauraret,
2302 2138 2421 2188 quie
2458 2122 2665 2171 scilicet
2698 2122 2819 2183 jam

1738 2204 1993 2254 coaetanei
2028 2204 2137 2266 ejus
2170 2207 2531 2263 corruperant,
2554 2204 2613 2246 nt
2650 2206 2709 2246 et
2740 2198 2823 2259 ip-

1738 2292 1845 2329 sam
1868 2279 2238 2345 eloquentiam.

1803 2355 1975 2419 Igitur
2010 2356 2063 2403 in
2102 2354 2342 2416 Dialogo,
2381 2366 2427 2400 c.
2464 2355 2548 2399 28.
2574 2362 2817 2413 quarere

1740 2429 1927 2493 incipit
1963 2443 2143 2479 causas
2182 2434 2447 2489 cormptoe
2474 2425 2821 2489 eloquentie,

1740 2513 1797 2551 et
1826 2506 1935 2564 jam
1974 2506 2093 2549 inde
2118 2502 2184 2549 ab
2216 2508 2337 2549 ortu
2360 2508 2417 2550 et
2450 2514 2481 2549 a
2502 2502 2655 2549 cunis
2689 2501 2823 2563 ipsis

1740 2582 2012 2639 corruptos
2034 2589 2223 2639 pucros
2248 2574 2456 2624 urbanis
2478 2574 2615 2623 vitiis
2640 2584 2821 2625 osten-

1741 2651 1839 2700 dit.
1890 2654 1907 2680 ‘
1932 2651 2063 2703 Quis
2104 2651 2278 2712 enim,'
2320 2650 2515 2715 inquit,
2560 2654 2579 2677 ⁴
2600 2651 2819 2713 ignorat

1740 2734 1795 2778 et
1816 2729 2169 2793 eloquentiam
2206 2737 2261 2777 et
2299 2734 2503 2776 ceteras
2527 2734 2671 2774 artes
2692 2726 2819 2775 ‹lea-

1738 2804 1923 2853 civisse
1946 2802 2011 2853 ab
2032 2806 2130 2853 ista
2153 2810 2332 2853 vetere
2372 2802 2553 2865 gloria,
2574 2816 2678 2850 non
2704 2802 2817 2851 ino-

1738 2880 1827 2944 pia
1846 2880 2127 2941 homiuum,
2150 2878 2239 2928 sed
2268 2877 2467 2927 desidia
2494 2878 2817 2941 juventutis,

1738 2966 1791 3005 et
1812 2957 2130 3021 negligentia
2152 2961 2441 3020 parentum,
2458 2964 2513 3003 et
2534 2955 2819 3005 inscienth

1739 3032 2311 3095 praecipientinm..qnae
2350 3031 2488 3079 mala
2508 3030 2735 3093 primun
2758 3030 2817 3079 in

1738 3108 1869 3159 urbe
1888 3116 2034 3169 nata,
2076 3112 2174 3157 stc.
2242 3108 2357 3171 Ego
2392 3107 2463 3155 de
2498 3106 2629 3155 urbe
2654 3114 2713 3155 et
2734 3106 2817 3155 laia

1737 3184 1961 3250 propriis
1998 3198 2061 3233 ac
2092 3184 2391 3233 &ernaculia
2430 3182 2577 3232 vitiis
2608 3182 2819 3247 loquar,

1738 3276 1855 3327 quoe
1894 3270 2043 3311 natos
2076 3262 2251 3311 statim
2288 3260 2581 3323 excipiunt,
2614 3266 2676 3308 et
2716 3272 2817 3323 per

1737 3338 1965 3402 singulos
2006 3338 2177 3387 oetatis
2217 3336 2403 3400 gradus
2440 3336 2813 3385 cumulantur-⁹

1740 3412 1807 3462 Et
1830 3427 1874 3462 c.
1900 3418 1981 3462 29.
2016 3414 2032 3441 ‘
2054 3413 2209 3461 Nunc
2232 3418 2383 3462 natus
2404 3409 2575 3460 infans
2596 3410 2813 3475 delega-

1736 3496 1823 3539 tur
1860 3490 2123 3539 Graeculae
2156 3488 2313 3538 alicui
2350 3489 2570 3549 ancille,
2606 3490 2695 3537 cni
2720 3488 2815 3535 ad-

1727 3564 1967 3629 jungitur
1989 3578 2117 3613 unns
2139 3566 2275 3614 alter
2288 3579 2355 3613 ex
2380 3564 2619 3613 omnibns
2638 3564 2809 3613 servis

1734 3642 2043 3706 plerumque
2070 3640 2521 3690 vilissimum-..lant
2542 3652 2669 3688 vero
2688 3652 2815 3703 prn-

1736 3716 1849 3781 pria
1894 3722 1950 3765 et
1988 3715 2271 3779 peculiaria
2309 3716 2459 3780 hujus
2490 3714 2633 3763 urbis
2676 3716 2812 3764 vitiu

1735 3804 1887 3855 paene
1926 3791 1979 3839 in
2026 3799 2175 3840 utero
2220 3790 2399 3841 matria
2434 3790 2639 3853 concipi
2680 3790 2811 3838 mibi

1732 3866 1997 3930 videntur,
2012 3868 2327 3917 histrionalis
2346 3866 2515 3927 favor,
2536 3872 2593 3915 et
2610 3866 2813 3929 gladia·

1734 3952 1905 3993 torum
1944 3956 2299 4007 equorumque
2334 3942 2507 3991 studia
2521 3980 2535 3993 .
2550 3976 2563 3990 .
2574 3942 2809 3991 Τι’-ηοω

1732 4020 1901 4083 prima
1936 4020 2241 4069 discentium
2276 4019 2551 4079 elementa,
2582 4018 2809 4081 [iutelli-

1734 4098 1811 4161 git
1826 4098 2019 4161 primas
2032 4096 2209 4144 literas
2224 4102 2281 4144 et
2297 4092 2807 4159 pronuntiationem]

1732 4174 1785 4223 in
1808 4170 1995 4239 quibua
2024 4179 2083 4221 et
2110 4170 2236 4235 ipsis
2272 4182 2453 4233 parum
2486 4170 2813 4231 elaboratur,

1734 4264 1833 4301 nec
1870 4249 1923 4299 in
1964 4248 2257 4300 auctoribus
2278 4244 2672 4311 cognoscendis,
2700 4258 2807 4295 nee
