3175 4934
582 424 755 492 3590

1294 436 1360 484 0.
1409 431 1775 484 CORNELII
1823 430 1916 481 ΤΑ
1928 429 2081 479 01'1'1

1571 591 1788 646 No‘rAE

586 707 765 758 virtuti
779 721 930 756 nemo
948 706 1166 768 invidet,
1180 704 1266 771 qni
1290 701 1502 756 confidit
1519 718 1645 766 suae,

583 785 659 834 sic
678 785 877 834 invidet
898 799 959 834 ae
980 783 1329 835 sinistrorsnm
1352 782 1522 832 omnia
1541 787 1646 830 tra-

585 861 661 909 hit
680 859 768 909 ille
804 859 1044 922 maxime,
1082 873 1234 924 quem
1274 857 1647 908 imbecillitatis

588 935 905 986 conscientia
927 935 1205 984 remordet.

655 1010 1003 1074 Vespasianus
1044 1017 1100 1060 et
1136 1009 1417 1060 celebrium
1460 1009 1648 1073 princi-

591 1102 711 1150 pum
744 1086 853 1146 alii,
893 1087 1036 1136 velut
1073 1086 1359 1137 domestico
1396 1086 1648 1135 virtutum

590 1176 799 1210 suarum
854 1161 1149 1211 testimonio
1204 1162 1437 1223 animosi,
1498 1161 1650 1209 facile

591 1244 855 1286 contemtu
898 1237 1314 1300 transmisissent,
1362 1238 1405 1286 si
1446 1238 1559 1301 quis
1599 1251 1649 1284 v.

592 1327 641 1362 c.
695 1315 711 1341 ⁶
744 1313 1145 1376 Imperatoriam
1218 1312 1467 1376 genesin,'
1516 1312 1653 1376 apud

592 1391 734 1440 Suet.
792 1393 872 1438 14.
928 1388 1167 1438 babuisse
1220 1389 1504 1452 diceretur,
1555 1393 1656 1437 διο.

594 1463 725 1514 Cum
748 1471 931 1514 contra
951 1464 1089 1527 apud
1112 1463 1483 1526 Domitianum,
1513 1463 1658 1527 igna-

596 1553 717 1586 vum
757 1547 813 1587 et
846 1539 1079 1588 timidum
1113 1539 1427 1604 principem,
1461 1546 1516 1588 et
1538 1552 1658 1588 cou-

598 1615 817 1662 scientia
840 1628 931 1662 sua
965 1615 1277 1674 convictum,
1312 1611 1435 1662 nihil
1460 1611 1660 1662 facilius

598 1689 773 1752 fuerit,
825 1705 979 1754 quam
1042 1690 1305 1739 laudatum
1364 1689 1657 1753 Agricolam

598 1766 769 1829 gratia
800 1765 1063 1829 dejectum
1100 1766 1151 1816 in
1188 1766 1466 1816 discrimen
1502 1767 1659 1816 addu-

598 1855 742 1891 cere.

664 1916 859 1966 Similis
890 1917 941 1965 in
978 1917 1095 1967 aula
1118 1915 1412 1966 Constantii
1448 1915 1549 1966 fuit
1566 1916 1660 1968 Ju-

600 1993 723 2042 liani
745 1991 975 2055 fortuna,
998 1994 1052 2042 in
1075 2008 1179 2058 quo
1199 2007 1317 2042 cnm
1340 1993 1463 2043 nihil
1484 2006 1664 2043 occur-

605 2075 749 2118 reret
780 2069 919 2133 quod
947 2069 1091 2131 juste
1114 2069 1163 2118 ei
1202 2068 1513 2132 impingeret
1536 2069 1664 2117 livor

600 2145 877 2208 malignus,
896 2145 1010 2208 pari
1032 2145 1192 2194 etiam
1218 2142 1663 2194 commendatione

604 2221 856 2270 virtutum
883 2220 995 2284 ejus
1010 2234 1181 2269 coram
1198 2219 1666 2284 imperatore‘proe-

600 2295 785 2359 valuit,
796 2295 1021 2346 conflato
1030 2297 1171 2358 odio,
1181 2297 1317 2360 quod
1328 2296 1668 2346 Mamertinus

605 2373 803 2438 Paneg.
828 2372 1001 2436 capite
1019 2377 1070 2424 4.
1090 2371 1205 2422 fuse
1226 2380 1447 2422 enarrat.

674 2445 833 2496 Aliud
867 2447 1089 2497 nocendi
1113 2463 1273 2512 genus
1298 2448 1399 2497 lsto
1420 2446 1666 2496 laudandi

608 2520 829 2572 artificio
862 2529 1115 2572 memorat
1154 2520 1403 2584 Polybius
1430 2522 1566 2571 libro
1587 2535 1666 2572 iv·

609 2600 849 2663 exemplo
883 2598 1149 2663 proposito
1174 2596 1445 2661 cujusdam
1466 2602 1668 2644 senato-

609 2677 698 2739 ris,
718 2674 923 2739 Apellis
944 2675 1166 2724 nomine.
1236 2673 1503 2732 Homines,
1538 2686 1669 2736 quos

609 2755 663 2804 iu
699 2751 908 2802 sublimi
928 2749 1139 2800 fortuna
1170 2748 1463 2808 collocavit,
1494 2748 1668 2813 aliquo

609 2829 765 2880 niodo
804 2827 995 2877 similes
1028 2829 1186 2878 Iaunoe
1219 2825 1370 2887 fecit,
1414 2841 1531 2892 quae
1564 2827 1664 2876 etsi

611 2904 923 2956 niutuatitiis
934 2919 965 2952 a
974 2905 1091 2953 Sole
1105 2903 1307 2967 ignibus
1318 2905 1668 2967 luceat‚eoque

610 2981 799 3046 sepius
820 2981 1005 3030 redeat
1040 2981 1185 3030 novis
1220 2978 1561 3030 fecundanda
1597 2979 1672 3028 in·

612 3056 852 3121 fluxibus,
896 3056 965 3106 ab
1000 3057 1093 3105 illo
1130 3063 1303 3104 umen
1338 3069 1519 3104 recens
1552 3067 1674 3104 con-

616 3149 798 3200 gressu
842 3133 1191 3192 tenebricosa,
1212 3131 1403 3181 mundo
1443 3129 1674 3194 affulget,

614 3213 920 3276 pleniusque
943 3217 1052 3260 tum
1088 3208 1427 3272 splendescit,
1456 3221 1574 3257 cum
1597 3221 1674 3257 re-

614 3287 807 3336 motior
824 3285 994 3334 radios
1017 3284 1201 3333 vibrat.

680 3359 819 3409 Delu
854 3359 1089 3420 invaluit,
1126 3365 1188 3408 ut
1216 3358 1394 3421 specie
1427 3359 1589 3408 laudis
1622 3359 1674 3408 in

616 3435 773 3485 alium
818 3436 1156 3496 seponeretur
1205 3436 1397 3494 locum,
1448 3436 1676 3500 quisquis

616 3512 753 3562 domi
804 3511 1063 3560 excellere
1118 3519 1409 3572 putaretur,
1460 3511 1678 3575 quesite

618 3593 881 3654 proetextu
910 3601 1084 3649 operae
1111 3589 1286 3636 utilius
1314 3587 1453 3648 apud
1466 3595 1678 3637 exteros

622 3670 715 3713 aut
736 3663 787 3712 in
812 3662 1089 3726 provinciis
1112 3661 1394 3710 navandae:
1429 3662 1566 3726 quod
1588 3663 1679 3711 ob-

618 3739 789 3792 tInent
810 3736 985 3786 multis
1008 3737 1197 3796 modis;
1232 3745 1291 3785 ut
1312 3738 1351 3783 si
1371 3737 1485 3801 quis
1506 3739 1679 3800 palam

614 3813 881 3864 extollitur
895 3813 1030 3861 inani
1048 3825 1215 3874 neque
1226 3811 1500 3875 profutura
1512 3813 1681 3875 laude,

617 3890 698 3954 (et
710 3895 818 3939 tum
834 3889 929 3937 hoc
949 3889 1272 3937 adversarius
1294 3888 1511 3952 periculi
1530 3889 1598 3936 ab
1615 3902 1679 3938 eo

618 3965 885 4015 metuendi
906 3977 1119 4011 securus
1142 3961 1297 4026 agit‚)
1328 3973 1383 4012 et
1402 3978 1517 4012 cum
1542 3964 1678 4013 idem

616 4041 946 4091 innuant-ratis
974 4038 1107 4088 clam
1130 4039 1565 4088 criminationibus
1588 4055 1680 4101 op-

618 4121 902 4180 pugnatur,
940 4128 1053 4164 cum
1094 4115 1379 4162 certissime
1418 4113 1465 4162 ei
1504 4117 1680 4163 noceri

616 4197 815 4258 potest.
844 4189 933 4239 Sic
956 4189 1097 4238 Hist.
1120 4203 1161 4238 ι.
1191 4191 1207 4217 ⁶
1232 4189 1455 4238 Manlius
1465 4190 1680 4254 Valens,

620 4279 913 4332 quanquam
934 4265 1067 4316 bene
1094 4265 1163 4314 de
1184 4265 1421 4329 partibus
1448 4267 1682 4331 meritus,

1726 701 1866 750 nullo
1889 697 2026 765 apud
2045 696 2310 747 Vitellium
2331 695 2527 745 bonore
2545 691 2677 743 faits
2713 701 2802 742 se·
2831 694 2844 708 ⁸

1726 777 1886 827 cretis
1931 790 2048 824 eum
2090 771 2534 822 criminationibus
2573 767 2804 817 insama·

1729 861 1874 902 verat
1895 851 2087 900 Fabius
2123 849 2376 914 ignarum,
2412 851 2467 896 et
2495 859 2596 910 quo
2618 845 2804 892 incau-

1729 929 1831 978 tior
1871 927 2220 992 deciperetur,
2273 923 2440 985 palam
2485 914 2804 970 laudatum!

1728 1003 1798 1052 Et
1828 1003 2006 1062 etiam,
2039 1002 2081 1049 si
2121 1001 2174 1049 in
2213 1012 2404 1062 genere
2440 995 2556 1060 quis
2590 995 2808 1056 dcprae·

1727 1080 1951 1143 dicetur,
1969 1089 2023 1128 ut
2043 1079 2094 1127 in
2119 1077 2367 1141 principis
2387 1073 2600 1124 credulo
2621 1071 2808 1122 animo

1730 1157 1974 1220 gignatur
1995 1155 2191 1216 opinio,
2219 1151 2366 1217 qnasi
2389 1150 2584 1199 amicas
2613 1147 2684 1197 sit
2705 1146 2806 1210 qui

1731 1231 1991 1293 laudetur,
2005 1237 2064 1279 et
2081 1230 2168 1278 ille
2187 1228 2396 1276 interim
2421 1230 2694 1274 accusetur
2705 1223 2808 1269 lin-

1726 1307 1816 1370 jus
1833 1313 1924 1356 aut
1939 1306 2096 1366 illius,
2114 1302 2252 1368 qnod
2269 1299 2588 1352 controverti
2603 1297 2768 1361 possit
2785 1312 2808 1356 3

1737 1389 1828 1431 ant
1863 1381 2046 1430 similis
2085 1384 2316 1429 struatur
2351 1375 2519 1435 dolus,
2561 1371 2810 1435 promtis-

1737 1460 1936 1510 simoin
1975 1460 2108 1508 banc
2141 1455 2418 1520 nequitiam
2451 1450 2604 1515 genio
2626 1450 2762 1500 aula
2787 1465 2808 1496 z

1736 1551 1855 1585 nam
1874 1535 2190 1599 astipulante
2207 1529 2446 1593 Polybio,
2465 1533 2585 1576 nata
2601 1525 2674 1574 ibi
2699 1525 2812 1588 pri-

1739 1627 1878 1662 mum
1899 1611 2000 1660 ista
2033 1607 2326 1672 malignitas
2363 1613 2418 1654 et
2439 1602 2662 1654 nocendi
2685 1615 2816 1664 pro-

1741 1689 1922 1748 tervia,
1959 1699 2130 1752 neque
2153 1683 2367 1734 ulterius
2403 1693 2676 1745 progressa
2699 1683 2810 1727 est.

1737 1765 1964 1815 Servilius.
2787 1771 2795 1780 ·

1801 1842 1888 1892 Sic
1926 1841 2136 1890 Psalmo
2173 1851 2247 1888 ci.
2282 1837 2299 1864 ‘
2319 1837 2460 1885 Tota
2495 1834 2578 1885 die
2613 1845 2814 1896 expro-

1741 1919 1960 1970 brabant
1981 1919 2106 1968 mibi
2127 1915 2320 1966 inimici
2341 1913 2464 1972 mei,
2505 1917 2560 1961 et
2583 1910 2670 1975 qni
2695 1911 2814 1958 lan-

1743 1997 1936 2045 dabant
1959 2009 2063 2054 me,
2100 1991 2372 2042 adversum
2408 2003 2490 2039 me
2515 1983 2820 2051 jurabant-⁹

1743 2070 2096 2121 Laudantibus
2116 2067 2275 2117 etiam
2293 2065 2485 2115 similes
2503 2069 2624 2112 sunt
2645 2076 2814 2112 exca-

1741 2153 1915 2196 santes
1935 2146 1984 2194 in
2005 2143 2247 2208 speciem.
2275 2141 2364 2189 Sic
2389 2139 2524 2188 Anu.
2549 2152 2592 2188 ι.
2623 2141 2640 2165 ⁸
2665 2151 2816 2202 qut·

1743 2222 1860 2270 dam
1885 2222 1951 2270 de
1987 2220 2162 2269 babitu
2197 2217 2446 2278 cultuque
2467 2222 2526 2263 et
2546 2213 2816 2262 institutis

1741 2299 1852 2362 ejus
1871 2295 2116 2361 [Tiberii]
2126 2294 2332 2358 jecerit
2349 2289 2678 2356 {Angustus}
2691 2303 2818 2354 qun

1743 2375 1889 2423 velut
1909 2369 2204 2421 excusando
2225 2365 2599 2433 exprobraret!
2635 2366 2802 2415 Pica.-

1808 2448 2100 2511 Βοιώτιαι]
2153 2448 2348 2510 paneg.
2389 2445 2584 2497 Juliani
2627 2445 2822 2507 imper.

1743 2527 1760 2556 ‘
1781 2527 1854 2576 Et
1873 2540 1990 2576 cum
2013 2525 2180 2574 sancti
2199 2521 2444 2586 principis
2461 2535 2629 2569 mores
2650 2528 2820 2584 atque

1745 2602 1989 2651 instituta
2027 2599 2272 2649 falsarum
2315 2598 2608 2660 opinionum
2645 2603 2708 2646 et
2743 2597 2824 2646 vi·

1747 2677 2131 2740 tuperatiouum
2149 2674 2410 2725 licentiam
2427 2673 2824 2735 submoverent,

1749 2753 1934 2803 callido
1953 2751 2174 2802 nocendi
2195 2749 2414 2800 artificio
2434 2750 2819 2801 accusatoriam

1751 2829 2012 2879 diritatem
2046 2827 2252 2876 landum
2289 2827 2456 2876 titulis
2479 2825 2824 2890 peragebant,

1751 2908 1804 2957 in
1839 2907 2072 2958 omnibus
2109 2905 2497 2968 conventiculis,
2534 2905 2681 2970 qnasi
2723 2919 2826 2968 per

1750 2985 2180 3046 benevolentiam,
2201 2985 2288 3033 illa
2304 2983 2631 3047 jactitantes,
2647 2982 2824 3034 Julia-

1751 3075 1848 3111 nus
1889 3060 2248 3110 Alamannlam
2307 3061 2524 3120 domuit,
2573 3059 2823 3110 Julianus

1752 3137 1905 3186 urbes
1927 3137 2116 3185 Gallim
2144 3151 2210 3185 ex
2249 3133 2438 3184 favillis
2474 3141 2532 3184 et
2551 3133 2823 3184 cineribus

1753 3213 2037 3261 excitavit:
2096 3210 2202 3260 illas
2249 3211 2530 3274 provincie
2573 3210 2828 3273 obsessa,

1754 3293 2060 3350 expugnato
2103 3284 2263 3347 ferro,
2315 3287 2523 3352 ignique
2579 3293 2826 3346 vastate,

1757 3361 2014 3411 beatiores
2034 3366 2154 3410 sunt
2175 3359 2254 3409 his
2275 3360 2499 3425 oppidis,
2518 3375 2634 3425 qne
2655 3359 2828 3410 babet

1755 3440 1866 3488 sine
1887 3437 2036 3488 hoste
2058 3437 2412 3487 Constantius.
2465 3437 2692 3487 AEstases
2711 3451 2828 3487 om-

1757 3529 1846 3562 nes
1869 3515 1920 3562 in
1944 3513 2145 3575 castris,
2177 3513 2382 3576 hyemes
2403 3513 2458 3561 in
2478 3512 2826 3562 tribunalibus

1759 3589 1972 3653 degit..
1991 3623 2006 3636 .
2028 3623 2041 3638 .
2075 3595 2384 3652 perpetuum
2415 3585 2694 3650 professus,
2727 3593 2828 3636 ant

1758 3671 1942 3714 contra
1972 3666 2194 3724 hostem,
2229 3673 2322 3712 aut
2343 3675 2530 3712 contra
2547 3663 2674 3712 vitia
2705 3675 2828 3712 cer-

1759 3747 1951 3788 tamen.
2019 3739 2120 3788 Hm
2139 3753 2292 3789 voces
2315 3737 2524 3788 fuerunt
2541 3738 2607 3787 ad
2625 3735 2828 3787 inflam-

1759 3815 1946 3864 manda
1969 3814 2088 3864 odia
2123 3813 2326 3877 probris
2364 3814 2602 3862 ouinibus
2639 3820 2828 3876 poten-

1761 3891 1933 3940 tiores.
2009 3889 2066 3939 Si
2110 3889 2246 3940 enim
2293 3890 2606 3939 comminisci
2647 3891 2828 3954 aliqua.

1759 3962 1957 4028 flagitia
1978 3973 2289 4025 tentassent,
2325 3964 2484 4014 facile
2517 3967 2827 4028 ipsoaplm-

1760 4040 1886 4090 dore
1927 4041 2090 4090 laudis
2119 4047 2176 4090 et
2216 4041 2392 4104 gloria·
2435 4037 2830 4090 refutarentur:

1760 4117 2068 4164 invenerunt
2123 4115 2398 4164 accusandi
2449 4129 2632 4178 genas,
2679 4115 2826 4179 quod

1759 4193 1930 4240 nullm
1965 4189 2250 4240 refelleret.
2313 4191 2412 4239 Sed
2433 4189 2576 4255 qaid,
2595 4203 2690 4240 oro
2711 4205 2826 4252 vos,

1757 4269 2048 4335 principem
2087 4275 2318 4320 nostr-um
2357 4267 2532 4318 tacere
2579 4268 2828 4320 debuisse
