3175 4934
975 422 981 428 ·
1071 418 1482 483 samsom,

1540 419 1709 470 osi».
1753 405 1864 472 44.
2397 397 2580 470 mo?

378 575 523 634 erat
542 576 585 628 :⁸
646 569 893 632 bonum
945 566 1165 632 virum
1231 567 1433 630 facile
1494 562 1848 644 credere5,·¹
1890 583 2202 646 magnum
2252 563 2586 628 libenter:

380 765 621 835 dignitate
646 772 744 821 oris
775 771 1101 837 precellebat.-
1142 771 1341 835 pwbum
1374 771 1531 820 virum
1566 770 1694 820 ultro
1726 767 2046 829 existimo-es,
2081 765 2324 828 egregium
2347 763 2498 823 facile
2529 777 2586 812 ae

1377 957 1592 1010 NO‘rAE

379 1091 591 1140 verum3
624 1085 682 1129 ut
719 1080 805 1144 qui
847 1080 986 1131 obvii
1023 1081 1170 1145 fiant,
1206 1094 1307 1129 non
1342 1093 1444 1130 me-

379 1159 536 1204 tuant
569 1161 640 1218 te,
680 1155 772 1204 sed
806 1155 967 1220 magis
999 1155 1313 1207 vereantur?
1374 1157 1447 1206 Et

382 1231 521 1294 apud
557 1234 785 1296 Diogen.
820 1234 996 1284 Laiirt.
1030 1235 1176 1285 Chilo
1203 1234 1445 1284 Laceda-

382 1309 615 1358 monius:
667 1311 683 1336 ‘
706 1311 915 1360 Fortem
968 1317 1291 1360 mansuetum
1332 1325 1445 1360 esse

381 1388 661 1444 oportere3
706 1391 765 1432 ut
808 1385 1027 1449 proximi
1066 1400 1165 1435 non
1199 1392 1306 1434 tam
1340 1399 1449 1434 me·

386 1463 554 1518 tuant,
575 1473 723 1522 quam
746 1463 1119 1511 revereantur!

452 1533 779 1598 Nihilmettes]
831 1536 967 1586 Plln.
1009 1535 1176 1600 Epist.
1212 1551 1335 1586 vm.
1364 1540 1445 1588 24.

382 1607 401 1634 ‘
426 1606 580 1656 Absit
620 1610 880 1674 superbia,
931 1613 1202 1675 asperitas,
1244 1627 1339 1662 nec
1382 1611 1451 1660 ti-

376 1683 575 1732 mueris
597 1691 930 1736 contemtum.
972 1686 1057 1736 An
1078 1687 1448 1748 contemnitur,

384 1759 473 1822 qni
496 1759 789 1824 imperium,
810 1763 898 1825 qui
930 1761 1099 1811 fasces
1122 1763 1279 1810 habet
1299 1763 1317 1809 ?
1352 1761 1449 1809 nisi

381 1833 473 1896 qui
495 1833 693 1883 humilis
714 1842 769 1884 et
791 1836 1046 1897 sordidus,
1079 1842 1133 1885 et
1157 1837 1242 1901 qui
1266 1851 1323 1884 se
1346 1837 1451 1899 pri-

386 1921 501 1958 mns
523 1910 635 1973 ipse
660 1912 963 1960 contemnit.
1016 1911 1159 1960 Male
1182 1911 1284 1960 vim
1306 1923 1450 1960 suam

386 1991 623 2046 potestas
656 1987 873 2036 aliorum
905 1986 1229 2036 contumeliis
1251 1985 1452 2050 experi-

387 2066 506 2122 tur3
540 2062 675 2110 male
698 2068 897 2112 terrore
930 2063 1199 2112 veneratio
1233 2059 1465 2126 acquiri--

390 2143 477 2187 tur
502 2154 515 2187 ι
550 2139 803 2203 longeque
838 2141 1091 2188 valentior
1113 2153 1257 2189 amor
1280 2137 1342 2188 ad
1368 2138 1455 2187 ob-

388 2215 658 2264 tinendum
699 2216 836 2280 quod
876 2217 1027 2277 velis,
1070 2230 1223 2280 quam
1284 2214 1453 2264 timor.

358 2291 528 2354 ‚Nam
565 2292 719 2339 timor
752 2291 881 2354 abit,
916 2293 959 2340 si
1000 2292 1243 2341 recedas:
1278 2295 1457 2339 manet

386 2379 561 2426 amon
598 2381 657 2416 ac
691 2368 826 2416 sicut
860 2368 949 2418 ille
985 2370 1041 2416 in
1075 2367 1267 2430 odium,
1294 2366 1378 2416 hic
1400 2365 1453 2415 ln

386 2443 728 2492 reverentiam
750 2444 1003 2493 vertitur!
1068 2443 1171 2492 Hic
1198 2443 1336 2506 apud
1358 2443 1453 2490 Ta-

390 2517 549 2568 citum
584 2519 649 2568 de
681 2520 831 2568 vultu
866 2519 1039 2583 agitur
1072 2524 1127 2568 et
1157 2518 1223 2567 de
1260 2517 1454 2580 indole,

392 2596 596 2658 qualem
640 2597 871 2646 dedisset
918 2603 1137 2655 naturs3
1191 2595 1285 2644 sed
1338 2595 1457 2645 talis

394 2671 551 2719 etism
588 2670 688 2720 fuit
720 2671 952 2720 moribus
982 2676 1037 2720 et
1070 2671 1279 2734 ingenio
1301 2668 1457 2732 Agri-

394 2749 529 2810 cola,
546 2753 606 2797 ut
626 2749 765 2797 ultro
788 2747 1088 2798 conciliaret
1112 2748 1306 2797 animos
1332 2744 1458 2795 ssci-

384 2823 547 2874 ·litate
569 2831 624 2874 et
656 2839 848 2888 amore,
878 2837 982 2873 non
1021 2829 1147 2874 metu
1162 2839 1183 2882 ‚-
1213 2827 1273 2872 ut
1311 2826 1460 2885 patet

390 2913 461 2948 ex
485 2901 675 2950 Tacito
695 2915 867 2964 snpra.

460 2983 483 3008 ⁶
518 2976 697 3024 Gratia
739 2975 835 3022 oris
882 2971 1148 3036 super-emt]
1197 2971 1459 3036 Panegyr.

396 3052 737 3102 Constantino
774 3051 1061 3101 Constantii
1102 3051 1211 3099 filio
1253 3051 1460 3100 dictus:

395 3127 413 3156 ⁸
439 3129 489 3177 N
494 3143 563 3176 on
582 3126 777 3178 frustra
799 3127 937 3177 enim
958 3125 1242 3176 doctissimi
1263 3127 1363 3176 viri
1387 3125 1463 3176 di-

398 3209 545 3264 cunt,
567 3210 803 3252 naturam
842 3203 1004 3266 ipsam
1042 3203 1240 3266 magnis
1278 3202 1464 3251 menti-

394 3279 495 3330 bus
511 3279 770 3328 domicilla
787 3293 1061 3344 corporum
1077 3279 1235 3342 digna
1250 3279 1432 3327 metari
1448 3293 1462 3338 ;

398 3361 455 3405 et
478 3368 545 3404 ex
564 3355 711 3404 vultu
732 3354 955 3404 hominis
989 3367 1051 3403 sc
1082 3353 1273 3402 decore
1306 3367 1463 3402 mem-

398 3433 609 3484 brorum
652 3431 829 3495 colligi
874 3445 1045 3495 posse,
1084 3437 1307 3494 quantus
1348 3429 1463 3478 illos

393 3508 621 3560 coelestis
658 3508 873 3571 spiritns
916 3507 1127 3556 intrarit
1164 3504 1462 3556 habitator!

394 3585 485 3635 Sic
526 3590 584 3634 et
627 3584 822 3646 Paneg.
862 3583 1057 3632 Theod.
1108 3583 1125 3610 ⁴
1150 3583 1332 3631 Virtus
1372 3587 1465 3630 tna

400 3659 591 3710 meruit
613 3659 906 3724 imperium,
940 3657 1031 3708 sed
1052 3657 1239 3708 virtuti
1260 3655 1467 3706 addidit

398 3735 567 3786 forma
590 3735 906 3801 suffragium.
968 3733 1073 3785 ms
1106 3735 1376 3800 praestitlt,
1404 3739 1466 3784 ut

404 3819 671 3876 oporteret
704 3818 759 3861 te
796 3811 1082 3876 principem
1112 3810 1247 3875 fieri,
1274 3811 1388 3860 haec
1406 3815 1468 3860 nt

403 3885 657 3936 deceret-¹

470 3962 497 3998 ί
528 3963 719 4012 Bonum
751 3963 907 4013 virum
936 3963 1089 4024 facile
1120 3961 1353 4027 σαῖσι-ω]
1396 3963 1470 4012 Et

402 4047 482 4105 te,
504 4039 715 4092 Corneli
736 4041 935 4106 Tacite,
964 4042 1151 4092 bonum
1172 4043 1471 4092 historicum

406 4118 564 4169 facile
628 4115 903 4175 eredimus,
970 4117 1160 4167 bonnm
1215 4124 1474 4167 oratorem

406 4193 741 4244 crederemus
766 4192 1013 4254 libenter,
1034 4193 1134 4242 nisi
1162 4193 1275 4242 haec
1298 4197 1353 4243 et
1374 4192 1475 4242 slis

408 4265 560 4320 istiu
590 4275 751 4335 nota,
790 4281 857 4320 ex
898 4281 1039 4334 pean
1071 4275 1335 4334 corrupta
1368 4269 1477 4322 elo-

1526 1077 1773 1144 quentie,
1795 1075 2080 1142 proderent
2110 1073 2358 1124 infectum
2380 1073 2590 1124 dicendi

1526 1170 1706 1219 genus.

1590 1233 1606 1259 ‘
1633 1231 1757 1280 Fuit
1788 1229 1864 1278 illi
1898 1227 2046 1292 viro,'
2081 1226 2265 1278 scribit
2299 1225 2434 1275 Anu.
2458 1237 2590 1277 xm.

1528 1307 1595 1358 de
1635 1307 1855 1368 Seneca,
1886 1303 2186 1370 ‘ingenium
2227 1317 2496 1366 amoenum,
2536 1309 2594 1353 et

1530 1383 1780 1448 temporis
1815 1381 1952 1430 illius
1993 1380 2201 1430 auribus
2241 1377 2597 1428 accommoda·

1525 1458 1677 1509 tum!
1741 1457 1844 1507 Sed
1885 1471 1986 1521 quo
2032 1470 2270 1505 sermone
2315 1460 2596 1518 caperetur

1526 1535 1654 1583 illud
1694 1547 1883 1595 aevum,
1917 1533 2233 1595 Asiaticone,
2267 1545 2332 1580 an
2379 1529 2593 1580 Laconi-

1527 1625 1610 1676 co,
1640 1616 1872 1660 statuere
1911 1623 2013 1658 non
2053 1623 2274 1672 possum.
2339 1606 2445 1656 Sed
2484 1621 2597 1658 cer-

1528 1694 1611 1735 tus
1640 1701 1750 1735 sum
1776 1685 1956 1734 tulisse
1984 1684 2329 1747 Sophisticam
2354 1683 2597 1749 eloquen-

1526 1761 1674 1824 tiam,
1705 1762 1983 1810 verborum
2020 1759 2245 1810 lasciviis
2279 1757 2518 1822 fractam,
2539 1765 2596 1809 et

1526 1837 1748 1886 velutin
1771 1837 2037 1900 rhythmos
2060 1832 2376 1884 diffluentem
2399 1851 2414 1894 3
2447 1833 2596 1884 solidi

1530 1925 1709 1962 sensus
1731 1917 1788 1960 et
1810 1925 1980 1959 rernm
2002 1910 2227 1974 inopem,
2257 1923 2381 1973 quas
2419 1915 2596 1960 tamen

1534 1993 1706 2036 tumor
1727 1985 1975 2036 orationis
1997 1985 2144 2034 velut
2159 1985 2524 2034 mentiebatur.

1596 2063 1776 2111 Talem
1823 2060 2154 2110 Rhetoricam
2195 2059 2404 2109 Graecia
2450 2057 2599 2124 fovit,

1532 2136 1844 2186 scholastica
1864 2135 2188 2185 declamandi
2203 2135 2600 2198 consuetudine,

1532 2212 1629 2262 sub
1661 2212 1940 2276 magistris,
1973 2211 2366 2274 hominibusque
2397 2209 2600 2258 umbra·

1534 2291 1673 2350 ticls,
1689 2302 1860 2352 neque
1876 2287 1982 2336 luci
1999 2299 2170 2336 rerum
2189 2286 2421 2336 assuetis.
2455 2285 2602 2334 Ρω-

1532 2365 1629 2415 ivit
1647 2365 1749 2413 huc
1773 2363 2016 2424 Gorgias,
2049 2368 2108 2409 ut
2144 2375 2311 2424 pauca
2339 2360 2466 2423 ejus,
2485 2373 2601 2424 qnae

1534 2443 1739 2500 extant,
1758 2437 1914 2486 fidem
1927 2435 2128 2486 faciunt
2147 2452 2160 2495 3
2197 2447 2347 2499 quem
2367 2435 2604 2499 sequitur

1534 2515 1814 2577 Isocrates,
1835 2518 1891 2562 et
1911 2511 1980 2561 ab
2004 2511 2116 2575 ejus
2138 2511 2324 2560 incude
2347 2511 2454 2560 alii.
2497 2511 2602 2561 Sed

1534 2589 1666 2640 illud
1689 2588 1876 2652 spurioe
1899 2585 2154 2636 facundiae
2172 2601 2331 2649 genus
2351 2587 2416 2634 ab
2440 2587 2502 2635 iis
2528 2601 2606 2636 re·

1530 2666 1756 2728 jectum,
1778 2664 1966 2728 quibus
1987 2662 2162 2712 sanius
2188 2662 2438 2725 judicium
2470 2669 2603 2712 erat.

1536 2739 1724 2790 Sedem
1748 2739 1800 2787 in
1825 2738 1968 2799 Asia,
1995 2737 2085 2786 ubi
2123 2737 2444 2799 subsisteret,
2465 2737 2608 2787 inve-

1536 2816 1636 2877 nit,
1663 2823 1720 2863 et
1756 2811 1956 2875 faciles,
1988 2819 2044 2861 et
2072 2812 2156 2875 qui
2189 2813 2328 2860 ultro
2363 2811 2606 2862 admitte·

1538 2895 1660 2938 rent
1680 2888 1905 2947 animos;
1945 2887 2112 2935 donec
2147 2901 2270 2934 vera
2313 2886 2612 2951 eloquentia

1540 2963 1916 3026 rempublicam
1939 2961 2198 3021 destituit,
2221 2959 2504 3024 umbraque
2523 2961 2606 3011 sul

1542 3044 1749 3089 tantum
1786 3037 1840 3084 in
1884 3035 2175 3085 scholarum
2217 3035 2479 3084 exercitiis
2525 3051 2610 3086 su-

1544 3120 1766 3181 perstes,
1801 3112 1966 3160 locum
2003 3109 2132 3158 fecit
2159 3109 2339 3172 priscis
2369 3112 2612 3174 eloquen.

1543 3193 1634 3241 tiae
1659 3188 1864 3254 probris
1897 3187 1952 3235 in
1983 3200 2130 3238 usum
2155 3187 2324 3236 denuo
2347 3201 2612 3252 emergen-

1539 3269 1626 3319 tis.

1610 3345 1854 3396 Postilla
1891 3357 2005 3409 quae
2029 3341 2192 3393 solide
2227 3341 2494 3392 elaborata
2521 3343 2611 3393 de-

1544 3423 1631 3473 dit
1651 3421 2044 3480 Demosthenes,
2079 3417 2362 3480 AEschines,
2387 3419 2613 3483 Hyperi-

1544 3498 1657 3559 des,
1677 3496 1889 3548 tandem
1911 3495 2088 3543 delata
2103 3500 2224 3541 sunt
2247 3492 2313 3540 ad
2331 3505 2424 3541 nos
2447 3491 2614 3543 inflati

1546 3571 1796 3624 sermonis
1815 3573 2080 3636 pig-menta
2099 3567 2152 3616 in
2175 3567 2421 3631 Aristide,
2439 3569 2614 3618 Philo-

1546 3655 1736 3711 strato,
1752 3647 1925 3697 Dione
1946 3645 2331 3709 chrysostomo,
2364 3643 2613 3707 aliisque:

1542 3743 1648 3778 non
1669 3735 1844 3776 tamen
1875 3725 1983 3772 sine
2017 3735 2192 3771 eorum
2228 3720 2400 3782 laude,
2427 3719 2514 3785 qui
2547 3719 2614 3770 ab

1544 3805 1660 3854 istis
1683 3803 1824 3853 vitiis
1847 3801 2029 3849 intacti
2048 3797 2410 3862 perstiterunt,
2433 3797 2615 3862 quales

1546 3879 1849 3944 Dionysius,
1874 3877 2146 3938 Lucianus,
2167 3879 2225 3923 et
2249 3873 2455 3923 similes.

1609 3959 1837 4008 Veteres
1860 3953 2100 4014 Romani,
2121 3949 2354 4000 delibato
2387 3948 2615 3998 Graeclae

1550 4032 1700 4096 flore,
1720 4045 1838 4082 cum
1873 4031 1928 4079 in
1953 4039 2149 4078 summo
2171 4025 2477 4074 consisteret
2497 4021 2614 4084 ejus

1552 4110 1833 4174 elegantis,
1865 4107 1958 4156 vix
1987 4101 2296 4154 exciderunt
2331 4101 2420 4150 hic
2455 4099 2510 4148 in
2542 4095 2616 4146 vl·

1552 4187 1702 4250 tium,
1719 4185 1819 4234 nisi
1841 4183 1896 4231 in
1917 4182 2071 4230 istum
2105 4189 2315 4241 gregem
2349 4188 2482 4224 unns
2511 4171 2616 4222 for-

1556 4267 1697 4314 tasse
1739 4255 2005 4323 cogendus
2043 4251 2356 4306 Hortensius
2407 4249 2510 4313 sit;
2555 4251 2620 4304 nt
