3175 4934
1300 383 1702 436 manneus,

1392 595 1606 646 NOTAE

388 707 637 759 aadestior
654 705 845 772 factus,
872 708 1027 772 longe
1048 707 1373 772 eloquentior
1394 718 1451 759 et

388 796 449 834 se
492 783 605 847 ipso
648 781 983 847 profluentior
1047 783 1281 845 videtum
1333 784 1453 848 quia

391 858 505 908 scil.
532 873 633 908 non
655 873 749 908 sua
770 859 965 921 ingenii
997 855 1181 922 forma,
1206 859 1328 924 quia
1346 873 1450 907 non

393 933 547 983 solita
567 932 771 982 dicendi
794 933 991 996 specie,
1028 933 1119 982 sed
1144 934 1453 998 eloquentis·

392 1007 633 1058 simorum
647 1015 913 1058 oratorum
929 1007 1170 1061 facundia
1188 1017 1451 1072 uteretur;

396 1090 487 1134 aut
508 1093 667 1146 certe,
689 1085 810 1149 quia
831 1082 1088 1147 dignitate
1122 1092 1180 1135 et
1216 1086 1452 1150 amplitu-

390 1159 513 1209 dine
534 1160 765 1208 materiae
788 1167 999 1209 evectus
1012 1161 1123 1225 jam
1142 1163 1283 1212 velut
1304 1171 1455 1212 extra

392 1247 449 1284 se
495 1235 881 1298 prorumpebat.
948 1235 1051 1284 Sed
1092 1237 1204 1286 haec
1239 1244 1293 1286 et
1329 1238 1453 1288 talia

385 1310 498 1373 jam
528 1311 657 1359 satis
680 1310 859 1359 validis
884 1313 1201 1374 argumentis
1222 1311 1452 1363 confuta-

394 1386 470 1434 vit
493 1385 818 1436 doctissimus
854 1387 1079 1450 Lipsius.
1144 1387 1224 1436 An
1254 1389 1457 1453 aliquis,

393 1461 637 1526 quicquid
676 1463 959 1512 contendat
988 1469 1042 1510 et
1064 1463 1308 1524 enitatur,
1328 1465 1403 1512 ita
1423 1478 1456 1512 a

393 1551 452 1588 se
476 1538 589 1602 ipso
613 1553 817 1602 prorsus
842 1539 991 1588 abeat
1016 1539 1037 1587 ?
1078 1554 1143 1588 an
1182 1547 1321 1589 totus
1345 1541 1455 1604 ipse

393 1625 506 1662 sese
549 1613 601 1662 in
634 1613 787 1664 alium
825 1615 899 1663 sic
933 1615 1109 1664 statim
1146 1615 1456 1667 transferat?

390 1701 459 1738 an
483 1694 621 1738 totus
656 1705 688 1739 a
726 1691 877 1754 genio
919 1693 1129 1754 proprio
1162 1693 1238 1741 sic
1270 1693 1457 1742 descis-

393 1777 515 1813 cere
532 1763 684 1814 facile
708 1767 907 1829 possit?
940 1767 1011 1815 ita
1036 1775 1095 1816 ut
1116 1782 1219 1816 non
1241 1769 1458 1831 amplius

393 1849 721 1904 agnoscatur,
756 1850 811 1890 ut
832 1843 1119 1893 nullatenus
1141 1845 1249 1907 jam
1268 1859 1323 1894 se
1346 1845 1459 1908 ipse

394 1916 589 1967 referat
609 1925 700 1967 aut
722 1919 987 1968 exscribat
1011 1921 1029 1970 ?
1082 1920 1209 1971 Quis
1243 1934 1344 1969 non
1368 1935 1455 1984 ag·

393 2000 576 2043 noscat
614 1993 920 2044 Ciceronem
955 2001 1045 2044 aut
1087 1995 1357 2044 Platonem
1402 1996 1455 2044 in

392 2067 630 2132 dialogis,
653 2069 980 2132 quantumvis
1002 2085 1058 2119 se
1085 2071 1183 2133 ipsi
1223 2069 1457 2120 dissimu-

394 2143 541 2197 lent?
575 2146 805 2211 quamvis
826 2145 1071 2210 person'as
1096 2149 1287 2198 alienas
1310 2149 1457 2198 sedu-

393 2224 448 2272 lo
486 2228 544 2272 et
576 2223 713 2272 serio
743 2221 1051 2272 imitentur?
1096 2223 1223 2276 Quis
1248 2239 1350 2274 non
1371 2237 1457 2288 ag-

392 2304 576 2350 noscat
596 2298 840 2360 Tullium,
856 2308 910 2350 et
916 2299 1161 2362 juvenem
1184 2305 1241 2351 et
1263 2315 1459 2364 senem,

395 2381 453 2428 et
492 2389 863 2440 quamcumque
912 2376 1181 2424 materiam
1231 2378 1459 2427 tractet?

398 2452 529 2504 Quis
550 2465 649 2500 uon
672 2459 726 2501 et
744 2460 985 2515 agnoscat
999 2452 1233 2500 Tacitum
1254 2465 1460 2516 semper

394 2529 474 2578 sni
512 2529 765 2578 similem?
815 2526 1001 2593 Itaque
1048 2529 1162 2576 leve
1209 2534 1264 2578 et
1305 2529 1456 2577 inane

398 2609 756 2666 argumentum
818 2604 1016 2666 petitur
1052 2617 1119 2651 ex
1177 2603 1275 2652 boc
1324 2603 1458 2652 loco.

397 2679 585 2744 Neque
616 2685 763 2729 certe
792 2673 945 2742 atas,
972 2693 1137 2744 neque
1161 2678 1334 2743 verba,
1362 2694 1463 2729 nec

400 2754 709 2820 eloquentiae
732 2755 932 2818 species
968 2759 1061 2803 aut
1093 2753 1257 2804 forma
1280 2769 1461 2805 conve·

396 2830 565 2880 niunt.
632 2831 699 2880 Et
723 2836 923 2880 tantum
944 2830 1091 2878 abest
1120 2837 1177 2877 ut
1198 2829 1465 2892 scripserit

394 2905 611 2956 Tacitus
627 2905 723 2954 sub
740 2904 1084 2968 Vespasiano,
1096 2909 1154 2952 ut
1172 2917 1238 2952 ue
1254 2903 1463 2968 quidem

396 2983 688 3045 imperante
726 2981 1029 3029 Domitiano
1066 2979 1257 3044 stylum
1279 2980 1462 3042 attige-

400 3057 498 3113 rit:
551 3069 669 3104 nam
706 3055 871 3118 primo
916 3054 1115 3118 incepit
1153 3068 1462 3119 componere

398 3147 481 3182 res
504 3129 806 3192 Domitiani,
829 3135 889 3178 ut
915 3129 1027 3192 ipse
1056 3136 1301 3191 testatur,
1334 3145 1459 3195 quas

400 3215 547 3258 certe
578 3221 661 3256 res
700 3220 799 3254 non
839 3205 1201 3270 descripsisset
1236 3206 1349 3282 ipso
1368 3207 1461 3256 im-

402 3289 655 3349 perante3
704 3297 873 3348 neque
906 3283 996 3331 ille
1030 3280 1167 3331 forte
1189 3282 1459 3330 materiam

401 3369 493 3411 ant
516 3359 785 3408 memorias
810 3359 929 3408 talis
950 3359 1179 3408 historia
1212 3358 1459 3422 colligere

400 3449 552 3485 ansus
603 3434 757 3485 foret.
824 3435 981 3492 Dein,
1029 3433 1257 3484 secundo
1321 3435 1461 3498 loco,

399 3512 602 3578 scripsit
623 3511 851 3562 Annales
887 3510 1136 3574 iucipiens
1163 3511 1279 3560 scil.
1304 3526 1336 3560 a
1356 3509 1461 3560 fine

402 3587 643 3654 Augusti.
698 3588 841 3639 Nihil
862 3593 1033 3636 antem
1054 3587 1324 3651 scripsisse
1339 3591 1463 3634 ante

401 3665 594 3715 Nervae
640 3663 1007 3728 principatum,
1047 3663 1183 3712 clare
1216 3667 1363 3726 patet
1395 3676 1460 3711 ex

402 3742 482 3791 his
520 3742 701 3806 Agric.
738 3747 785 3791 3.
840 3742 856 3769 ‘
884 3741 1039 3791 Nunc
1076 3739 1281 3790 demum
1327 3739 1465 3788 redit

404 3816 601 3869 animus
634 3815 725 3880 [de
753 3816 937 3866 studiis
958 3813 1208 3881 loquitur]
1230 3821 1287 3864 et
1306 3828 1464 3886 quam

402 3906 556 3959 quam
580 3892 749 3956 primo
781 3893 957 3942 statim
988 3891 1267 3942 beatissimi
1288 3891 1465 3940 soeculi

405 3977 543 4033 ortu,
565 3970 746 4019 Nerva
765 3967 939 4017 Caesar
966 3982 1049 4017 res
1082 3967 1203 4016 olim
1226 3965 1465 4016 dissocia-

404 4043 535 4096 biles
554 4043 838 4104 miscuerit,
858 4041 1205 4106 principatum
1227 4055 1287 4090 ac
1310 4041 1465 4090 liber-

405 4126 589 4182 tatem,
609 4122 896 4182 augeatque
913 4116 1143 4181 quotidie
1154 4117 1465 4168 felicitatem

404 4193 611 4262 imperii
650 4193 831 4247 Nerva
870 4193 1123 4259 'trajanus
1151 4227 1167 4244 .
1188 4227 1231 4244 ..
1275 4200 1465 4244 natura

1530 714 1706 758 tamen
1743 705 2060 758 infirmitatis
2095 705 2328 758 humanae
2361 709 2590 760 tardiora

1530 791 1650 834 sunt
1672 783 1902 833 remedia
1935 798 2086 848 quam
2107 784 2269 842 mala;
2319 789 2374 834 et
2397 792 2457 834 ut
2477 799 2590 834 cor-

1530 874 1664 924 pora
1701 860 1844 908 lente
1896 865 2200 922 augescunt,
2237 858 2342 908 cito
2401 859 2591 909 exstin-

1532 942 1776 1000 guuntur,
1791 935 1864 984 sic
1881 935 2083 998 ingenia
2096 933 2366 998 studiaque
2379 931 2592 997 oppr'esi

1536 1012 1662 1061 seris
1703 1009 1924 1071 facilius,
1955 1023 2108 1074 quam
2153 1010 2475 1058 revocaveris
2497 1045 2513 1060 .
2535 1043 2552 1061 .
2577 1044 2594 1061 .

1536 1085 1675 1138 Quid
1699 1086 1742 1134 si
1767 1100 1859 1149 pet·
1879 1084 2169 1149 quindecim
2193 1099 2369 1148 annos,
2388 1085 2593 1150 [quibus

1536 1163 1648 1212 scil.
1686 1162 1965 1226 imperavit
2002 1161 2356 1225 Domitianus]
2398 1162 2594 1224 grande

1534 1239 1766 1288 mortalis
1799 1239 1897 1288 aevi
1929 1239 2170 1300 spatium,
2191 1237 2342 1286 multi
2365 1236 2594 1288 fortuitis

1534 1316 1758 1377 casibus,
1795 1316 2169 1381 promtissimus
2198 1315 2410 1380 quisque
2447 1303 2602 1364 sari-⁵

1534 1391 1609 1440 tia
1669 1391 1920 1455 principis
1975 1390 2397 1440 interciderunt?
2453 1391 2594 1454 Ergo

1534 1473 1648 1517 toto
1682 1468 1769 1516 illo
1805 1467 2002 1532 ingenti
2035 1467 2202 1531 spatio
2236 1472 2315 1517 1⁵.
2349 1481 2596 1518 annorum

1534 1543 1658 1592 nihil
1683 1543 1790 1606 ipse
1829 1542 2062 1604 Tacitus,
2083 1543 2208 1590 niltil
2240 1543 2325 1590 alii
2363 1542 2594 1592 scribere

1535 1623 1644 1670 ausi
1667 1629 1804 1672 sunt.
1871 1621 2006 1670 Nam
2027 1623 2042 1648 ‘
2066 1634 2234 1684 neque
2257 1620 2308 1668 in
2331 1620 2468 1684 ipsos
2487 1634 2595 1670 mo·

1537 1699 1606 1750 do
1627 1706 1885 1759 auctores,
1908 1699 2000 1747 sed
2022 1699 2072 1747 in
2111 1698 2268 1748 libros
2295 1713 2491 1764 quoque
2513 1712 2598 1747 eo-

1540 1789 1652 1824 rum
1673 1775 1930 1835 saevitum,
1949 1772 2184 1838 delegato
2208 1774 2487 1824 triumviris
2504 1774 2595 1822 mi-

1538 1851 1775 1912 nisterio,
1817 1855 1876 1898 ut
1915 1856 2245 1899 monumenta
2288 1850 2599 1900 clarissimo·

1536 1940 1648 1974 rum
1685 1925 2006 1989 ingeniorum
2049 1924 2099 1972 in
2136 1925 2346 1974 comitio
2383 1939 2444 1974 ac
2486 1923 2596 1974 foro

1535 2007 1828 2063 urerentur,
1849 2004 1948 2050 διο.
2015 2001 2258 2064 Expulsis
2287 2001 2496 2065 insuper
2517 2014 2596 2050 sa-

1535 2077 1748 2140 pientiae
1801 2075 2187 2141 professoribus,
2243 2085 2400 2147 atque
2461 2068 2602 2126 omni'

1537 2152 1674 2203 bona
1694 2157 1808 2201 arte
1833 2153 1884 2200 in
1906 2151 2116 2200 exilium
2141 2151 2292 2203 acta!
2357 2153 2425 2200 Et
2449 2149 2598 2215 infra,

1536 2227 1553 2256 ‘
1576 2227 1783 2277 ademto
1805 2241 1901 2290 per
1915 2227 2268 2291 inquisitiones
2289 2233 2344 2277 et
2359 2227 2600 2292 loquendi

1535 2303 1882 2368 audiendique
1906 2303 2233 2352 commercio.
2289 2301 2598 2352 Memoriam

1538 2393 1742 2444 quoque
1777 2379 1937 2444 ipsam
1976 2394 2092 2429 cum
2127 2393 2252 2428 voce
2291 2378 2602 2442 perdidisse-

1536 2455 1687 2504 mus?
1751 2454 1826 2504 At
1863 2469 1928 2503 ex
1960 2455 2206 2503 memoria
2224 2455 2412 2503 amissa
2434 2453 2603 2518 sequi-

1540 2535 1623 2579 tur
1645 2527 1922 2580 difficultas
1939 2539 2030 2580 aut
2051 2536 2193 2580 certe
2213 2529 2603 2593 impossibilitas

1541 2603 1786 2669 loquendi
1819 2619 1880 2653 ac
1919 2603 2195 2654 scribendi.
2261 2605 2450 2669 Itaque
2473 2604 2600 2654 nihil

1542 2679 1756 2742 scripsit
1779 2685 1867 2728 aut
1890 2677 2053 2728 edidit
2073 2680 2279 2728 Tacitus
2308 2686 2429 2728 ante
2464 2675 2602 2744 prin-i

1540 2754 1772 2817 cipetum
1796 2755 1985 2803 Nervae
2007 2769 2020 2802 z
2063 2767 2186 2816 ergo
2209 2753 2354 2816 longe
2379 2754 2601 2819 antiqui-

1543 2841 1602 2876 or
1624 2834 1705 2877 est
1737 2828 1966 2890 dialogus
2003 2829 2119 2890 iste,
2155 2842 2306 2892 quam
2348 2835 2406 2878 ut
2441 2829 2610 2879 tribui'

1544 2903 1791 2953 Cornelio
1831 2905 2009 2966 possit.
2095 2903 2246 2955 Quod
2289 2909 2492 2966 spectat
2535 2903 2604 2954 ad

1542 2978 1938 3041 Quintilianum,
1979 2977 2032 3026 id
2076 2979 2237 3041 magis
2284 2978 2599 3042 ambiguum.

1540 3053 1644 3102 Sed
1668 3061 1813 3102 certe
1837 3060 1892 3103 et
1923 3054 2252 3118 eloquentior
2271 3061 2327 3104 et
2349 3054 2606 3118 profluen-

1541 3130 1646 3178 tior
1681 3129 1872 3193 dialogi
1899 3143 2086 3190 sermo,
2125 3145 2278 3196 quam
2315 3147 2410 3195 pro
2449 3134 2602 3196 genio

1540 3207 1693 3272 liujus
1738 3208 1982 3256 auctoris.
2069 3209 2140 3256 Et
2182 3208 2604 3275 declamationes,

1542 3297 1659 3348 quae
1699 3283 1903 3333 nomine
1947 3281 2098 3331 Fabii
2150 3281 2602 3347 circumferuntur,

1542 3358 1688 3422 quasi
1730 3357 1932 3420 jejunas
1981 3364 2037 3407 et
2079 3355 2280 3418 frigidae
2325 3359 2604 3411 videantur

1541 3448 1648 3498 prae
1679 3435 1778 3484 hoc
1807 3433 2032 3483 oratorio
2054 3434 2244 3483 libello.
2309 3435 2480 3485 Unum
2503 3442 2605 3499 est,

1540 3510 1679 3575 quod
1710 3509 1973 3574 praecipue
2005 3511 2188 3560 innuat
2223 3524 2334 3561 esse
2362 3513 2605 3565 Quintili-⁴

1542 3586 1644 3636 ani.
1735 3587 1957 3650 Nempe,
1997 3588 2118 3651 quia
2161 3588 2250 3637 ille
2301 3583 2610 3653 reparatum¹

1542 3662 1763 3712 maxime
1808 3669 1862 3710 et
1903 3663 2240 3713 instauratum
2281 3665 2446 3716 voluit
2489 3678 2604 3729 per·

1542 3738 1880 3788 fet-tissimum
1897 3738 2025 3787 illud
2042 3738 2250 3788 dicendi
2266 3751 2444 3802 genus,
2460 3740 2601 3804 quod

1542 3813 1722 3864 floruit
1741 3813 2008 3877 Auguste«)
2031 3816 2238 3878 saecuto,
2259 3821 2316 3865 et
2339 3823 2448 3865 tum
2471 3830 2603 3880 prae-

1544 3891 1698 3954 cipue
1721 3904 1804 3939 res
1826 3894 1882 3940 et
1904 3890 2060 3939 decus
2083 3890 2217 3938 illius
2241 3889 2510 3954 agebatur,
2543 3897 2602 3940 ut

1544 3965 1631 4032 qui
1661 3980 1776 4015 esse
1813 3965 2255 4031 eloquentissimus
2291 3979 2399 4014 suae
2434 3965 2603 4015 aetatis

1544 4049 1741 4105 orator,
1761 4047 1816 4090 et
1837 4039 2042 4090 dicendi
2076 4054 2300 4089 summus
2335 4039 2602 4104 magister,

1542 4117 1632 4181 qui
1653 4125 1708 4166 et
1745 4115 1992 4180 principis
2017 4127 2288 4178 procerum
2311 4114 2602 4166 Domitiani

1540 4195 1733 4246 sororis
1754 4201 1968 4258 nepotes
1989 4191 2222 4244 doceret.
2267 4193 2337 4242 Et
2353 4191 2439 4241 ille
2461 4205 2602 4244 max.
