<?xml version="1.0" encoding="UTF-8"?>
<!DOCTYPE html PUBLIC "-//W3C//DTD XHTML 1.0 Transitional//EN"
    "http://www.w3.org/TR/xhtml1/DTD/xhtml1-transitional.dtd">
<html xmlns="http://www.w3.org/1999/xhtml" xml:lang="en" lang="en">
 <head>
  <title>
</title>
<meta http-equiv="Content-Type" content="text/html;charset=utf-8" />
  <meta name='ocr-system' content='tesseract 3.04.00' />
  <meta name='ocr-capabilities' content='ocr_page ocr_carea ocr_par ocr_line ocrx_word'/>
</head>
<body>
  <div class='ocr_page' id='page_1' title='image "./operaomnia11tacigoog/operaomnia11tacigoog_0416.png"; bbox 0 0 3175 4934; ppageno 0'>
   <div class='ocr_carea' id='block_1_1' title="bbox 1388 365 2004 418">
    <p class='ocr_par' dir='ltr' id='par_1_1' title="bbox 1388 365 2004 418">
     <span class='ocr_line' id='line_1_1' title="bbox 1388 365 2004 418; baseline -0.003 0"><span class='ocrx_word' id='word_1_1' title='bbox 1388 367 1487 418; x_wconf 73' lang='lat' dir='ltr'><strong>DE</strong></span> <span class='ocrx_word' id='word_1_2' title='bbox 1526 365 2004 418; x_wconf 48' lang='lat' dir='ltr'><strong>enarremus</strong></span> 
     </span>
    </p>
   </div>
   <div class='ocr_carea' id='block_1_2' title="bbox 1562 587 1780 643">
    <p class='ocr_par' dir='ltr' id='par_1_2' title="bbox 1562 587 1780 643">
     <span class='ocr_line' id='line_1_2' title="bbox 1562 587 1780 643; baseline -0.009 0"><span class='ocrx_word' id='word_1_3' title='bbox 1562 587 1780 643; x_wconf 69' lang='lat' dir='ltr'><strong>1101·AE</strong></span> 
     </span>
    </p>
   </div>
   <div class='ocr_carea' id='block_1_3' title="bbox 573 717 1634 784">
    <p class='ocr_par' dir='ltr' id='par_1_3' title="bbox 573 717 1634 784">
     <span class='ocr_line' id='line_1_3' title="bbox 573 717 1634 784; baseline -0.008 -8"><span class='ocrx_word' id='word_1_4' title='bbox 573 726 678 776; x_wconf 89' lang='lat' dir='ltr'><strong>ime</strong></span> <span class='ocrx_word' id='word_1_5' title='bbox 718 721 947 773; x_wconf 74' lang='lat' dir='ltr'><strong>detrabit</strong></span> <span class='ocrx_word' id='word_1_6' title='bbox 984 717 1349 784; x_wconf 82' lang='lat' dir='ltr'><strong>obtrectatque</strong></span> <span class='ocrx_word' id='word_1_7' title='bbox 1400 717 1634 784; x_wconf 63' lang='lat' dir='ltr'><strong>Seneca,</strong></span> 
     </span>
    </p>
   </div>
   <div class='ocr_carea' id='block_1_4' title="bbox 1710 715 2778 783">
    <p class='ocr_par' dir='ltr' id='par_1_4' title="bbox 1710 715 2778 783">
     <span class='ocr_line' id='line_1_4' title="bbox 1710 715 2778 783; baseline 0 -15"><span class='ocrx_word' id='word_1_8' title='bbox 1710 725 2026 782; x_wconf 73' lang='lat' dir='ltr'><strong>senesceret,</strong></span> <span class='ocrx_word' id='word_1_9' title='bbox 2047 733 2130 770; x_wconf 74' lang='lat' dir='ltr'><strong>res</strong></span> <span class='ocrx_word' id='word_1_10' title='bbox 2163 715 2416 783; x_wconf 74' lang='lat' dir='ltr'><strong>agebatur</strong></span> <span class='ocrx_word' id='word_1_11' title='bbox 2439 717 2664 770; x_wconf 88' lang='lat' dir='ltr'><strong>omnium</strong></span> <span class='ocrx_word' id='word_1_12' title='bbox 2683 717 2778 768; x_wconf 74' lang='lat' dir='ltr'><strong>liu·</strong></span> 
     </span>
    </p>
   </div>
   <div class='ocr_carea' id='block_1_5' title="bbox 572 789 2782 866">
    <p class='ocr_par' dir='ltr' id='par_1_5' title="bbox 572 789 2782 866">
     <span class='ocr_line' id='line_1_5' title="bbox 572 789 2782 866; baseline -0.002 -16"><span class='ocrx_word' id='word_1_13' title='bbox 572 801 664 866; x_wconf 88' lang='lat' dir='ltr'><strong>qui</strong></span> <span class='ocrx_word' id='word_1_14' title='bbox 686 800 879 863; x_wconf 83' lang='lat' dir='ltr'><strong>primus</strong></span> <span class='ocrx_word' id='word_1_15' title='bbox 908 795 1199 848; x_wconf 75' lang='lat' dir='ltr'><strong>mortalium</strong></span> <span class='ocrx_word' id='word_1_16' title='bbox 1220 795 1455 858; x_wconf 87' lang='lat' dir='ltr'><strong>corrupit</strong></span> <span class='ocrx_word' id='word_1_17' title='bbox 1474 793 1633 844; x_wconf 79' lang='lat' dir='ltr'><strong>infre·</strong></span> <span class='ocrx_word' id='word_1_18' title='bbox 1701 799 1854 861; x_wconf 85' lang='lat' dir='ltr'><strong>jusce</strong></span> <span class='ocrx_word' id='word_1_19' title='bbox 1917 798 2015 847; x_wconf 75' lang='lat' dir='ltr'><strong>aevi</strong></span> <span class='ocrx_word' id='word_1_20' title='bbox 2085 797 2414 847; x_wconf 81' lang='lat' dir='ltr'><strong>mortalinm=</strong></span> <span class='ocrx_word' id='word_1_21' title='bbox 2479 789 2782 859; x_wconf 68' lang='lat' dir='ltr'><strong>pertinebat</strong></span> 
     </span>
    </p>
   </div>
   <div class='ocr_carea' id='block_1_6' title="bbox 553 873 1636 2919">
    <p class='ocr_par' dir='ltr' id='par_1_6' title="bbox 566 873 1636 1164">
     <span class='ocr_line' id='line_1_6' title="bbox 572 873 1636 946; baseline -0.007 -18"><span class='ocrx_word' id='word_1_22' title='bbox 572 878 751 946; x_wconf 85' lang='lat' dir='ltr'><strong>gitque</strong></span> <span class='ocrx_word' id='word_1_23' title='bbox 796 891 1003 928; x_wconf 85' lang='lat' dir='ltr'><strong>auream</strong></span> <span class='ocrx_word' id='word_1_24' title='bbox 1044 875 1185 924; x_wconf 80' lang='lat' dir='ltr'><strong>illam</strong></span> <span class='ocrx_word' id='word_1_25' title='bbox 1228 873 1534 922; x_wconf 87' lang='lat' dir='ltr'><strong>Ciceronum</strong></span> <span class='ocrx_word' id='word_1_26' title='bbox 1576 875 1636 922; x_wconf 88' lang='lat' dir='ltr'><strong>et</strong></span> 
     </span>
     <span class='ocr_line' id='line_1_7' title="bbox 574 948 1636 1018; baseline -0.008 -12"><span class='ocrx_word' id='word_1_27' title='bbox 574 953 839 1006; x_wconf 68' lang='lat' dir='ltr'><strong>Caesarum</strong></span> <span class='ocrx_word' id='word_1_28' title='bbox 900 950 1265 1018; x_wconf 84' lang='lat' dir='ltr'><strong>eloquentiam,</strong></span> <span class='ocrx_word' id='word_1_29' title='bbox 1308 949 1415 1014; x_wconf 89' lang='lat' dir='ltr'><strong>qui,</strong></span> <span class='ocrx_word' id='word_1_30' title='bbox 1460 948 1527 998; x_wconf 88' lang='lat' dir='ltr'><strong>ab</strong></span> <span class='ocrx_word' id='word_1_31' title='bbox 1572 962 1636 998; x_wconf 78' lang='lat' dir='ltr'><strong>en</strong></span> 
     </span>
     <span class='ocr_line' id='line_1_8' title="bbox 567 1026 1633 1091; baseline -0.008 -10"><span class='ocrx_word' id='word_1_32' title='bbox 567 1041 687 1082; x_wconf 85' lang='lat' dir='ltr'><strong>cum</strong></span> <span class='ocrx_word' id='word_1_33' title='bbox 701 1027 1015 1091; x_wconf 82' lang='lat' dir='ltr'><strong>deflexisset,</strong></span> <span class='ocrx_word' id='word_1_34' title='bbox 1032 1026 1187 1076; x_wconf 83' lang='lat' dir='ltr'><strong>etiam</strong></span> <span class='ocrx_word' id='word_1_35' title='bbox 1206 1030 1497 1075; x_wconf 74' lang='lat' dir='ltr'><strong>coaetaneos</strong></span> <span class='ocrx_word' id='word_1_36' title='bbox 1514 1039 1633 1074; x_wconf 82' lang='lat' dir='ltr'><strong>auc-</strong></span> 
     </span>
     <span class='ocr_line' id='line_1_9' title="bbox 566 1100 1631 1164; baseline -0.008 -8"><span class='ocrx_word' id='word_1_37' title='bbox 566 1106 787 1156; x_wconf 84' lang='lat' dir='ltr'><strong>toritate</strong></span> <span class='ocrx_word' id='word_1_38' title='bbox 799 1117 891 1154; x_wconf 83' lang='lat' dir='ltr'><strong>sua</strong></span> <span class='ocrx_word' id='word_1_39' title='bbox 906 1103 959 1152; x_wconf 89' lang='lat' dir='ltr'><strong>in</strong></span> <span class='ocrx_word' id='word_1_40' title='bbox 976 1100 1184 1152; x_wconf 82' lang='lat' dir='ltr'><strong>eosdem</strong></span> <span class='ocrx_word' id='word_1_41' title='bbox 1200 1101 1435 1164; x_wconf 83' lang='lat' dir='ltr'><strong>scopulos</strong></span> <span class='ocrx_word' id='word_1_42' title='bbox 1451 1100 1631 1149; x_wconf 85' lang='lat' dir='ltr'><strong>traxit.</strong></span> 
     </span>
    </p>

    <p class='ocr_par' dir='ltr' id='par_1_7' title="bbox 553 1176 1635 2919">
     <span class='ocr_line' id='line_1_10' title="bbox 632 1176 1635 1243; baseline -0.009 -11"><span class='ocrx_word' id='word_1_43' title='bbox 632 1179 712 1232; x_wconf 82' lang='lat' dir='ltr'><strong>At</strong></span> <span class='ocrx_word' id='word_1_44' title='bbox 738 1179 946 1243; x_wconf 76' lang='lat' dir='ltr'><strong>scripsit</strong></span> <span class='ocrx_word' id='word_1_45' title='bbox 979 1176 1327 1231; x_wconf 65' lang='lat' dir='ltr'><strong>Quintilianus</strong></span> <span class='ocrx_word' id='word_1_46' title='bbox 1368 1176 1447 1225; x_wconf 77' lang='lat' dir='ltr'><strong>De</strong></span> <span class='ocrx_word' id='word_1_47' title='bbox 1479 1176 1635 1224; x_wconf 72' lang='lat' dir='ltr'><strong>causis</strong></span> 
     </span>
     <span class='ocr_line' id='line_1_11' title="bbox 560 1251 1632 1320; baseline -0.007 -13"><span class='ocrx_word' id='word_1_48' title='bbox 560 1262 802 1320; x_wconf 70' lang='lat' dir='ltr'><strong>corrupte</strong></span> <span class='ocrx_word' id='word_1_49' title='bbox 822 1254 1113 1318; x_wconf 73' lang='lat' dir='ltr'><strong>eloquentie.</strong></span> <span class='ocrx_word' id='word_1_50' title='bbox 1146 1251 1251 1301; x_wconf 85' lang='lat' dir='ltr'><strong>Sed</strong></span> <span class='ocrx_word' id='word_1_51' title='bbox 1274 1265 1393 1300; x_wconf 90' lang='lat' dir='ltr'><strong>num</strong></span> <span class='ocrx_word' id='word_1_52' title='bbox 1411 1251 1632 1300; x_wconf 88' lang='lat' dir='ltr'><strong>eandem</strong></span> 
     </span>
     <span class='ocr_line' id='line_1_12' title="bbox 566 1329 1631 1396; baseline -0.007 -12"><span class='ocrx_word' id='word_1_53' title='bbox 566 1334 835 1384; x_wconf 80' lang='lat' dir='ltr'><strong>materiam</strong></span> <span class='ocrx_word' id='word_1_54' title='bbox 859 1331 1061 1396; x_wconf 84' lang='lat' dir='ltr'><strong>possint</strong></span> <span class='ocrx_word' id='word_1_55' title='bbox 1081 1329 1273 1378; x_wconf 78' lang='lat' dir='ltr'><strong>diversi</strong></span> <span class='ocrx_word' id='word_1_56' title='bbox 1292 1335 1527 1377; x_wconf 84' lang='lat' dir='ltr'><strong>auctores</strong></span> <span class='ocrx_word' id='word_1_57' title='bbox 1552 1333 1631 1377; x_wconf 80' lang='lat' dir='ltr'><strong>at-</strong></span> 
     </span>
     <span class='ocr_line' id='line_1_13' title="bbox 567 1405 1631 1476; baseline -0.007 -14"><span class='ocrx_word' id='word_1_58' title='bbox 567 1409 806 1476; x_wconf 78' lang='lat' dir='ltr'>tingere?</span> <span class='ocrx_word' id='word_1_59' title='bbox 852 1415 908 1458; x_wconf 89' lang='lat' dir='ltr'><strong>et</strong></span> <span class='ocrx_word' id='word_1_60' title='bbox 929 1407 1215 1472; x_wconf 73' lang='lat' dir='ltr'><strong>praesertim</strong></span> <span class='ocrx_word' id='word_1_61' title='bbox 1238 1406 1289 1454; x_wconf 90' lang='lat' dir='ltr'><strong>in</strong></span> <span class='ocrx_word' id='word_1_62' title='bbox 1315 1420 1368 1454; x_wconf 91' lang='lat' dir='ltr'><strong>re</strong></span> <span class='ocrx_word' id='word_1_63' title='bbox 1394 1405 1631 1468; x_wconf 82' lang='lat' dir='ltr'><strong>gravissi-</strong></span> 
     </span>
     <span class='ocr_line' id='line_1_14' title="bbox 566 1481 1630 1546; baseline -0.006 -10"><span class='ocrx_word' id='word_1_64' title='bbox 566 1499 655 1536; x_wconf 77' lang='lat' dir='ltr'><strong>mu</strong></span> <span class='ocrx_word' id='word_1_65' title='bbox 671 1501 733 1536; x_wconf 85' lang='lat' dir='ltr'><strong>ac</strong></span> <span class='ocrx_word' id='word_1_66' title='bbox 755 1483 1179 1542; x_wconf 82' lang='lat' dir='ltr'><strong>celebratissima,</strong></span> <span class='ocrx_word' id='word_1_67' title='bbox 1197 1487 1253 1529; x_wconf 87' lang='lat' dir='ltr'><strong>et</strong></span> <span class='ocrx_word' id='word_1_68' title='bbox 1268 1495 1385 1546; x_wconf 80' lang='lat' dir='ltr'><strong>quae</strong></span> <span class='ocrx_word' id='word_1_69' title='bbox 1398 1481 1509 1542; x_wconf 87' lang='lat' dir='ltr'><strong>jam</strong></span> <span class='ocrx_word' id='word_1_70' title='bbox 1528 1495 1630 1530; x_wconf 90' lang='lat' dir='ltr'><strong>non</strong></span> 
     </span>
     <span class='ocr_line' id='line_1_15' title="bbox 566 1555 1629 1620; baseline -0.008 -8"><span class='ocrx_word' id='word_1_71' title='bbox 566 1563 731 1612; x_wconf 84' lang='lat' dir='ltr'><strong>solum</strong></span> <span class='ocrx_word' id='word_1_72' title='bbox 769 1559 838 1608; x_wconf 87' lang='lat' dir='ltr'><strong>ad</strong></span> <span class='ocrx_word' id='word_1_73' title='bbox 872 1559 1150 1620; x_wconf 82' lang='lat' dir='ltr'><strong>Romanos,</strong></span> <span class='ocrx_word' id='word_1_74' title='bbox 1170 1556 1261 1606; x_wconf 82' lang='lat' dir='ltr'><strong>sed</strong></span> <span class='ocrx_word' id='word_1_75' title='bbox 1288 1564 1342 1604; x_wconf 84' lang='lat' dir='ltr'><strong>et</strong></span> <span class='ocrx_word' id='word_1_76' title='bbox 1363 1555 1427 1604; x_wconf 79' lang='lat' dir='ltr'><strong>ad</strong></span> <span class='ocrx_word' id='word_1_77' title='bbox 1451 1570 1629 1605; x_wconf 85' lang='lat' dir='ltr'><strong>omnes</strong></span> 
     </span>
     <span class='ocr_line' id='line_1_16' title="bbox 562 1632 1629 1702; baseline -0.007 -15"><span class='ocrx_word' id='word_1_78' title='bbox 562 1637 767 1702; x_wconf 80' lang='lat' dir='ltr'><strong>imperii</strong></span> <span class='ocrx_word' id='word_1_79' title='bbox 804 1637 951 1685; x_wconf 84' lang='lat' dir='ltr'><strong>Rom.</strong></span> <span class='ocrx_word' id='word_1_80' title='bbox 974 1634 1139 1683; x_wconf 86' lang='lat' dir='ltr'><strong>socios</strong></span> <span class='ocrx_word' id='word_1_81' title='bbox 1159 1632 1493 1696; x_wconf 61' lang='lat' dir='ltr'><strong>{clientesque</strong></span> <span class='ocrx_word' id='word_1_82' title='bbox 1514 1647 1629 1694; x_wconf 82' lang='lat' dir='ltr'><strong>per·</strong></span> 
     </span>
     <span class='ocr_line' id='line_1_17' title="bbox 565 1707 1628 1776; baseline -0.008 -12"><span class='ocrx_word' id='word_1_83' title='bbox 565 1713 797 1764; x_wconf 79' lang='lat' dir='ltr'><strong>tineret:</strong></span> <span class='ocrx_word' id='word_1_84' title='bbox 832 1709 921 1776; x_wconf 88' lang='lat' dir='ltr'><strong>qui</strong></span> <span class='ocrx_word' id='word_1_85' title='bbox 944 1709 1054 1772; x_wconf 85' lang='lat' dir='ltr'><strong>jam</strong></span> <span class='ocrx_word' id='word_1_86' title='bbox 1074 1722 1175 1756; x_wconf 91' lang='lat' dir='ltr'><strong>non</strong></span> <span class='ocrx_word' id='word_1_87' title='bbox 1197 1707 1424 1770; x_wconf 86' lang='lat' dir='ltr'><strong>linguam</strong></span> <span class='ocrx_word' id='word_1_88' title='bbox 1446 1707 1628 1770; x_wconf 84' lang='lat' dir='ltr'><strong>solum,</strong></span> 
     </span>
     <span class='ocr_line' id='line_1_18' title="bbox 564 1783 1625 1852; baseline -0.005 -14"><span class='ocrx_word' id='word_1_89' title='bbox 564 1789 659 1839; x_wconf 80' lang='lat' dir='ltr'><strong>sed</strong></span> <span class='ocrx_word' id='word_1_90' title='bbox 678 1793 735 1840; x_wconf 87' lang='lat' dir='ltr'><strong>et</strong></span> <span class='ocrx_word' id='word_1_91' title='bbox 756 1787 1101 1852; x_wconf 76' lang='lat' dir='ltr'><strong>eloquentiam</strong></span> <span class='ocrx_word' id='word_1_92' title='bbox 1126 1785 1272 1834; x_wconf 85' lang='lat' dir='ltr'><strong>Rom.</strong></span> <span class='ocrx_word' id='word_1_93' title='bbox 1294 1783 1625 1847; x_wconf 81' lang='lat' dir='ltr'><strong>concupisce·</strong></span> 
     </span>
     <span class='ocr_line' id='line_1_19' title="bbox 559 1860 1624 1924; baseline -0.008 -6"><span class='ocrx_word' id='word_1_94' title='bbox 559 1865 693 1918; x_wconf 79' lang='lat' dir='ltr'><strong>bant</strong></span> <span class='ocrx_word' id='word_1_95' title='bbox 741 1871 798 1917; x_wconf 85' lang='lat' dir='ltr'><strong>et</strong></span> <span class='ocrx_word' id='word_1_96' title='bbox 835 1863 1228 1924; x_wconf 63' lang='lat' dir='ltr'><strong>aemulabantur,</strong></span> <span class='ocrx_word' id='word_1_97' title='bbox 1262 1875 1323 1911; x_wconf 89' lang='lat' dir='ltr'><strong>ac</strong></span> <span class='ocrx_word' id='word_1_98' title='bbox 1356 1860 1624 1924; x_wconf 75' lang='lat' dir='ltr'><strong>proecipue</strong></span> 
     </span>
     <span class='ocr_line' id='line_1_20' title="bbox 561 1935 1624 2002; baseline -0.008 -10"><span class='ocrx_word' id='word_1_99' title='bbox 561 1941 616 1992; x_wconf 82' lang='lat' dir='ltr'><strong>in</strong></span> <span class='ocrx_word' id='word_1_100' title='bbox 640 1943 808 1993; x_wconf 78' lang='lat' dir='ltr'><strong>causis</strong></span> <span class='ocrx_word' id='word_1_101' title='bbox 831 1947 887 1990; x_wconf 91' lang='lat' dir='ltr'><strong>et</strong></span> <span class='ocrx_word' id='word_1_102' title='bbox 908 1937 1131 2002; x_wconf 85' lang='lat' dir='ltr'><strong>negotiis</strong></span> <span class='ocrx_word' id='word_1_103' title='bbox 1162 1935 1462 1999; x_wconf 70' lang='lat' dir='ltr'><strong>forensibus,</strong></span> <span class='ocrx_word' id='word_1_104' title='bbox 1483 1949 1624 1998; x_wconf 79' lang='lat' dir='ltr'><strong>saepe</strong></span> 
     </span>
     <span class='ocr_line' id='line_1_21' title="bbox 558 2012 1622 2081; baseline -0.008 -12"><span class='ocrx_word' id='word_1_105' title='bbox 558 2023 621 2070; x_wconf 80' lang='lat' dir='ltr'><strong>et</strong></span> <span class='ocrx_word' id='word_1_106' title='bbox 662 2017 717 2066; x_wconf 89' lang='lat' dir='ltr'><strong>in</strong></span> <span class='ocrx_word' id='word_1_107' title='bbox 749 2016 874 2081; x_wconf 86' lang='lat' dir='ltr'><strong>ipsis</strong></span> <span class='ocrx_word' id='word_1_108' title='bbox 903 2014 1149 2077; x_wconf 79' lang='lat' dir='ltr'><strong>historiis,</strong></span> <span class='ocrx_word' id='word_1_109' title='bbox 1182 2015 1341 2062; x_wconf 75' lang='lat' dir='ltr'><strong>etium</strong></span> <span class='ocrx_word' id='word_1_110' title='bbox 1368 2026 1533 2075; x_wconf 86' lang='lat' dir='ltr'><strong>usque</strong></span> <span class='ocrx_word' id='word_1_111' title='bbox 1556 2012 1622 2061; x_wconf 84' lang='lat' dir='ltr'><strong>ad</strong></span> 
     </span>
     <span class='ocr_line' id='line_1_22' title="bbox 557 2089 1626 2157; baseline -0.008 -11"><span class='ocrx_word' id='word_1_112' title='bbox 557 2109 741 2146; x_wconf 79' lang='lat' dir='ltr'><strong>versus</strong></span> <span class='ocrx_word' id='word_1_113' title='bbox 764 2101 821 2144; x_wconf 86' lang='lat' dir='ltr'><strong>et</strong></span> <span class='ocrx_word' id='word_1_114' title='bbox 842 2095 1032 2157; x_wconf 77' lang='lat' dir='ltr'><strong>elegos.</strong></span> <span class='ocrx_word' id='word_1_115' title='bbox 1096 2092 1281 2155; x_wconf 85' lang='lat' dir='ltr'><strong>Neque</strong></span> <span class='ocrx_word' id='word_1_116' title='bbox 1302 2095 1444 2139; x_wconf 88' lang='lat' dir='ltr'><strong>certe</strong></span> <span class='ocrx_word' id='word_1_117' title='bbox 1474 2089 1626 2139; x_wconf 85' lang='lat' dir='ltr'><strong>aliter</strong></span> 
     </span>
     <span class='ocr_line' id='line_1_23' title="bbox 558 2165 1624 2236; baseline -0.008 -13"><span class='ocrx_word' id='word_1_118' title='bbox 558 2171 713 2224; x_wconf 82' lang='lat' dir='ltr'><strong>sociis</strong></span> <span class='ocrx_word' id='word_1_119' title='bbox 745 2185 899 2236; x_wconf 73' lang='lat' dir='ltr'><strong>quum</strong></span> <span class='ocrx_word' id='word_1_120' title='bbox 930 2169 1229 2234; x_wconf 80' lang='lat' dir='ltr'><strong>eloquentia</strong></span> <span class='ocrx_word' id='word_1_121' title='bbox 1258 2169 1405 2216; x_wconf 86' lang='lat' dir='ltr'><strong>Rom.</strong></span> <span class='ocrx_word' id='word_1_122' title='bbox 1437 2165 1624 2215; x_wconf 85' lang='lat' dir='ltr'><strong>oratio-</strong></span> 
     </span>
     <span class='ocr_line' id='line_1_24' title="bbox 562 2235 1628 2299; baseline -0.008 0"><span class='ocrx_word' id='word_1_123' title='bbox 562 2243 682 2299; x_wconf 77' lang='lat' dir='ltr'><strong>nem</strong></span> <span class='ocrx_word' id='word_1_124' title='bbox 702 2247 897 2298; x_wconf 80' lang='lat' dir='ltr'><strong>habere</strong></span> <span class='ocrx_word' id='word_1_125' title='bbox 936 2253 1027 2296; x_wconf 89' lang='lat' dir='ltr'><strong>aut</strong></span> <span class='ocrx_word' id='word_1_126' title='bbox 1048 2258 1251 2294; x_wconf 82' lang='lat' dir='ltr'><strong>causam</strong></span> <span class='ocrx_word' id='word_1_127' title='bbox 1276 2243 1452 2292; x_wconf 81' lang='lat' dir='ltr'><strong>dicere</strong></span> <span class='ocrx_word' id='word_1_128' title='bbox 1473 2235 1628 2292; x_wconf 85' lang='lat' dir='ltr'><strong>licuit</strong></span> 
     </span>
     <span class='ocr_line' id='line_1_25' title="bbox 559 2317 1621 2388; baseline -0.006 -14"><span class='ocrx_word' id='word_1_129' title='bbox 559 2321 617 2374; x_wconf 91' lang='lat' dir='ltr'><strong>in</strong></span> <span class='ocrx_word' id='word_1_130' title='bbox 639 2331 840 2386; x_wconf 84' lang='lat' dir='ltr'><strong>senatu,</strong></span> <span class='ocrx_word' id='word_1_131' title='bbox 860 2328 918 2372; x_wconf 90' lang='lat' dir='ltr'><strong>ut</strong></span> <span class='ocrx_word' id='word_1_132' title='bbox 939 2336 1108 2388; x_wconf 87' lang='lat' dir='ltr'><strong>neque</strong></span> <span class='ocrx_word' id='word_1_133' title='bbox 1131 2319 1266 2370; x_wconf 83' lang='lat' dir='ltr'><strong>sorte</strong></span> <span class='ocrx_word' id='word_1_134' title='bbox 1290 2317 1621 2369; x_wconf 81' lang='lat' dir='ltr'><strong>aliteretiam</strong></span> 
     </span>
     <span class='ocr_line' id='line_1_26' title="bbox 560 2394 1623 2464; baseline -0.007 -15"><span class='ocrx_word' id='word_1_135' title='bbox 560 2397 701 2464; x_wconf 79' lang='lat' dir='ltr'><strong>apud</strong></span> <span class='ocrx_word' id='word_1_136' title='bbox 727 2398 1004 2448; x_wconf 79' lang='lat' dir='ltr'><strong>tribunalia</strong></span> <span class='ocrx_word' id='word_1_137' title='bbox 1026 2396 1384 2461; x_wconf 82' lang='lat' dir='ltr'><strong>proconsulum</strong></span> <span class='ocrx_word' id='word_1_138' title='bbox 1407 2398 1465 2442; x_wconf 92' lang='lat' dir='ltr'><strong>et</strong></span> <span class='ocrx_word' id='word_1_139' title='bbox 1483 2394 1623 2458; x_wconf 87' lang='lat' dir='ltr'><strong>lega-</strong></span> 
     </span>
     <span class='ocr_line' id='line_1_27' title="bbox 558 2470 1625 2535; baseline -0.005 -10"><span class='ocrx_word' id='word_1_140' title='bbox 558 2481 733 2525; x_wconf 90' lang='lat' dir='ltr'><strong>torum</strong></span> <span class='ocrx_word' id='word_1_141' title='bbox 754 2475 975 2524; x_wconf 69' lang='lat' dir='ltr'><strong>casaris</strong></span> <span class='ocrx_word' id='word_1_142' title='bbox 995 2473 1046 2521; x_wconf 89' lang='lat' dir='ltr'><strong>iu</strong></span> <span class='ocrx_word' id='word_1_143' title='bbox 1064 2471 1188 2535; x_wconf 81' lang='lat' dir='ltr'><strong>ipsis</strong></span> <span class='ocrx_word' id='word_1_144' title='bbox 1212 2470 1505 2534; x_wconf 75' lang='lat' dir='ltr'><strong>provinciis.</strong></span> <span class='ocrx_word' id='word_1_145' title='bbox 1554 2471 1625 2520; x_wconf 88' lang='lat' dir='ltr'><strong>Et</strong></span> 
     </span>
     <span class='ocr_line' id='line_1_28' title="bbox 557 2543 1623 2611; baseline -0.006 -11"><span class='ocrx_word' id='word_1_146' title='bbox 557 2565 641 2600; x_wconf 83' lang='lat' dir='ltr'><strong>res</strong></span> <span class='ocrx_word' id='word_1_147' title='bbox 676 2564 739 2600; x_wconf 88' lang='lat' dir='ltr'><strong>eo</strong></span> <span class='ocrx_word' id='word_1_148' title='bbox 784 2547 948 2611; x_wconf 80' lang='lat' dir='ltr'><strong>magis</strong></span> <span class='ocrx_word' id='word_1_149' title='bbox 978 2546 1247 2598; x_wconf 77' lang='lat' dir='ltr'><strong>celebrata</strong></span> <span class='ocrx_word' id='word_1_150' title='bbox 1282 2552 1339 2595; x_wconf 92' lang='lat' dir='ltr'><strong>et</strong></span> <span class='ocrx_word' id='word_1_151' title='bbox 1373 2543 1623 2610; x_wconf 84' lang='lat' dir='ltr'><strong>gravioris</strong></span> 
     </span>
     <span class='ocr_line' id='line_1_29' title="bbox 560 2622 1622 2686; baseline -0.007 -11"><span class='ocrx_word' id='word_1_152' title='bbox 560 2625 810 2675; x_wconf 84' lang='lat' dir='ltr'><strong>momenti</strong></span> <span class='ocrx_word' id='word_1_153' title='bbox 850 2625 980 2686; x_wconf 84' lang='lat' dir='ltr'><strong>visa,</strong></span> <span class='ocrx_word' id='word_1_154' title='bbox 1016 2622 1152 2686; x_wconf 86' lang='lat' dir='ltr'><strong>quod</strong></span> <span class='ocrx_word' id='word_1_155' title='bbox 1198 2628 1438 2685; x_wconf 80' lang='lat' dir='ltr'><strong>ageretur</strong></span> <span class='ocrx_word' id='word_1_156' title='bbox 1483 2623 1622 2670; x_wconf 81' lang='lat' dir='ltr'><strong>salus</strong></span> 
     </span>
     <span class='ocr_line' id='line_1_30' title="bbox 553 2695 1624 2765; baseline -0.007 -14"><span class='ocrx_word' id='word_1_157' title='bbox 553 2700 890 2765; x_wconf 79' lang='lat' dir='ltr'><strong>privatorum,</strong></span> <span class='ocrx_word' id='word_1_158' title='bbox 924 2697 1331 2761; x_wconf 80' lang='lat' dir='ltr'><strong>magistratuum,</strong></span> <span class='ocrx_word' id='word_1_159' title='bbox 1364 2695 1624 2759; x_wconf 83' lang='lat' dir='ltr'><strong>provinci-</strong></span> 
     </span>
     <span class='ocr_line' id='line_1_31' title="bbox 553 2773 1622 2844; baseline -0.007 -13"><span class='ocrx_word' id='word_1_160' title='bbox 553 2793 721 2844; x_wconf 85' lang='lat' dir='ltr'><strong>arum,</strong></span> <span class='ocrx_word' id='word_1_161' title='bbox 754 2784 812 2828; x_wconf 88' lang='lat' dir='ltr'><strong>et</strong></span> <span class='ocrx_word' id='word_1_162' title='bbox 850 2791 1033 2840; x_wconf 88' lang='lat' dir='ltr'><strong>regum</strong></span> <span class='ocrx_word' id='word_1_163' title='bbox 1071 2776 1301 2839; x_wconf 84' lang='lat' dir='ltr'><strong>ipsorum</strong></span> <span class='ocrx_word' id='word_1_164' title='bbox 1340 2773 1622 2823; x_wconf 83' lang='lat' dir='ltr'><strong>inservien-</strong></span> 
     </span>
     <span class='ocr_line' id='line_1_32' title="bbox 554 2849 1615 2919; baseline -0.005 -13"><span class='ocrx_word' id='word_1_165' title='bbox 554 2855 703 2906; x_wconf 79' lang='lat' dir='ltr'><strong>tium.</strong></span> <span class='ocrx_word' id='word_1_166' title='bbox 764 2852 949 2919; x_wconf 83' lang='lat' dir='ltr'><strong>Igitur,</strong></span> <span class='ocrx_word' id='word_1_167' title='bbox 970 2854 1025 2904; x_wconf 90' lang='lat' dir='ltr'><strong>in</strong></span> <span class='ocrx_word' id='word_1_168' title='bbox 1062 2853 1160 2902; x_wconf 86' lang='lat' dir='ltr'><strong>hac</strong></span> <span class='ocrx_word' id='word_1_169' title='bbox 1196 2849 1343 2915; x_wconf 82' lang='lat' dir='ltr'><strong>gravi</strong></span> <span class='ocrx_word' id='word_1_170' title='bbox 1378 2852 1615 2913; x_wconf 75' lang='lat' dir='ltr'><strong>materia,</strong></span> 
     </span>
    </p>
   </div>
   <div class='ocr_carea' id='block_1_7' title="bbox 1697 873 2786 2918">
    <p class='ocr_par' dir='ltr' id='par_1_8' title="bbox 1697 873 2786 2918">
     <span class='ocr_line' id='line_1_33' title="bbox 1713 873 2786 939; baseline 0 -17"><span class='ocrx_word' id='word_1_171' title='bbox 1713 873 1932 939; x_wconf 62' lang='lat' dir='ltr'><strong>quaestio</strong></span> <span class='ocrx_word' id='word_1_172' title='bbox 1960 874 2075 924; x_wconf 66' lang='lat' dir='ltr'><strong>hnc</strong></span> <span class='ocrx_word' id='word_1_173' title='bbox 2106 873 2174 922; x_wconf 78' lang='lat' dir='ltr'><strong>sd</strong></span> <span class='ocrx_word' id='word_1_174' title='bbox 2211 887 2386 922; x_wconf 88' lang='lat' dir='ltr'><strong>omnes</strong></span> <span class='ocrx_word' id='word_1_175' title='bbox 2424 878 2684 934; x_wconf 83' lang='lat' dir='ltr'><strong>auctores,</strong></span> <span class='ocrx_word' id='word_1_176' title='bbox 2721 879 2786 922; x_wconf 81' lang='lat' dir='ltr'><strong>et</strong></span> 
     </span>
     <span class='ocr_line' id='line_1_34' title="bbox 1717 948 2785 1015; baseline -0.005 -15"><span class='ocrx_word' id='word_1_177' title='bbox 1717 951 1792 1000; x_wconf 87' lang='lat' dir='ltr'><strong>sic</strong></span> <span class='ocrx_word' id='word_1_178' title='bbox 1815 951 1988 1015; x_wconf 85' lang='lat' dir='ltr'><strong>potuit</strong></span> <span class='ocrx_word' id='word_1_179' title='bbox 2010 949 2225 1000; x_wconf 74' lang='lat' dir='ltr'><strong>tractari</strong></span> <span class='ocrx_word' id='word_1_180' title='bbox 2260 964 2292 998; x_wconf 89' lang='lat' dir='ltr'><strong>a</strong></span> <span class='ocrx_word' id='word_1_181' title='bbox 2332 948 2544 998; x_wconf 83' lang='lat' dir='ltr'><strong>diversis</strong></span> <span class='ocrx_word' id='word_1_182' title='bbox 2581 948 2785 996; x_wconf 84' lang='lat' dir='ltr'><strong>multis·</strong></span> 
     </span>
     <span class='ocr_line' id='line_1_35' title="bbox 1716 1023 2780 1092; baseline -0.004 -17"><span class='ocrx_word' id='word_1_183' title='bbox 1716 1041 1815 1092; x_wconf 87' lang='lat' dir='ltr'><strong>que</strong></span> <span class='ocrx_word' id='word_1_184' title='bbox 1847 1027 2158 1090; x_wconf 84' lang='lat' dir='ltr'><strong>oratoribus,</strong></span> <span class='ocrx_word' id='word_1_185' title='bbox 2187 1031 2249 1074; x_wconf 90' lang='lat' dir='ltr'><strong>ut</strong></span> <span class='ocrx_word' id='word_1_186' title='bbox 2287 1024 2374 1089; x_wconf 85' lang='lat' dir='ltr'><strong>qui</strong></span> <span class='ocrx_word' id='word_1_187' title='bbox 2409 1025 2462 1072; x_wconf 89' lang='lat' dir='ltr'><strong>in</strong></span> <span class='ocrx_word' id='word_1_188' title='bbox 2497 1033 2603 1073; x_wconf 76' lang='lat' dir='ltr'><strong>rem</strong></span> <span class='ocrx_word' id='word_1_189' title='bbox 2637 1023 2780 1072; x_wconf 77' lang='lat' dir='ltr'><strong>tnuti</strong></span> 
     </span>
     <span class='ocr_line' id='line_1_36' title="bbox 1713 1099 2779 1164; baseline -0.006 -11"><span class='ocrx_word' id='word_1_190' title='bbox 1713 1103 1960 1154; x_wconf 82' lang='lat' dir='ltr'><strong>momenti</strong></span> <span class='ocrx_word' id='word_1_191' title='bbox 1978 1104 2180 1152; x_wconf 83' lang='lat' dir='ltr'><strong>solicite</strong></span> <span class='ocrx_word' id='word_1_192' title='bbox 2196 1109 2252 1150; x_wconf 89' lang='lat' dir='ltr'><strong>et</strong></span> <span class='ocrx_word' id='word_1_193' title='bbox 2271 1099 2424 1150; x_wconf 78' lang='lat' dir='ltr'><strong>anxie</strong></span> <span class='ocrx_word' id='word_1_194' title='bbox 2435 1099 2779 1164; x_wconf 80' lang='lat' dir='ltr'><strong>inquirerent.</strong></span> 
     </span>
     <span class='ocr_line' id='line_1_37' title="bbox 1715 1176 2778 1239; baseline -0.007 -8"><span class='ocrx_word' id='word_1_195' title='bbox 1715 1181 1830 1230; x_wconf 88' lang='lat' dir='ltr'><strong>Nec</strong></span> <span class='ocrx_word' id='word_1_196' title='bbox 1853 1181 1976 1230; x_wconf 89' lang='lat' dir='ltr'><strong>olim</strong></span> <span class='ocrx_word' id='word_1_197' title='bbox 2017 1178 2156 1228; x_wconf 80' lang='lat' dir='ltr'><strong>forte</strong></span> <span class='ocrx_word' id='word_1_198' title='bbox 2189 1177 2292 1228; x_wconf 87' lang='lat' dir='ltr'><strong>iste</strong></span> <span class='ocrx_word' id='word_1_199' title='bbox 2319 1176 2455 1226; x_wconf 80' lang='lat' dir='ltr'><strong>liber</strong></span> <span class='ocrx_word' id='word_1_200' title='bbox 2489 1176 2778 1239; x_wconf 82' lang='lat' dir='ltr'><strong>inscriptus</strong></span> 
     </span>
     <span class='ocr_line' id='line_1_38' title="bbox 1711 1253 2776 1319; baseline -0.005 -12"><span class='ocrx_word' id='word_1_201' title='bbox 1711 1259 1791 1308; x_wconf 83' lang='lat' dir='ltr'><strong>De</strong></span> <span class='ocrx_word' id='word_1_202' title='bbox 1828 1258 1980 1306; x_wconf 67' lang='lat' dir='ltr'><strong>comis</strong></span> <span class='ocrx_word' id='word_1_203' title='bbox 2015 1259 2248 1319; x_wconf 70' lang='lat' dir='ltr'><strong>corrupta·</strong></span> <span class='ocrx_word' id='word_1_204' title='bbox 2281 1253 2567 1318; x_wconf 69' lang='lat' dir='ltr'><strong>eloquentia.</strong></span> <span class='ocrx_word' id='word_1_205' title='bbox 2633 1253 2776 1303; x_wconf 82' lang='lat' dir='ltr'><strong>Nam</strong></span> 
     </span>
     <span class='ocr_line' id='line_1_39' title="bbox 1711 1327 2780 1395; baseline -0.004 -13"><span class='ocrx_word' id='word_1_206' title='bbox 1711 1335 1812 1383; x_wconf 82' lang='lat' dir='ltr'><strong>alia</strong></span> <span class='ocrx_word' id='word_1_207' title='bbox 1848 1335 2013 1382; x_wconf 82' lang='lat' dir='ltr'><strong>multa</strong></span> <span class='ocrx_word' id='word_1_208' title='bbox 2054 1333 2321 1395; x_wconf 77' lang='lat' dir='ltr'><strong>agitantur</strong></span> <span class='ocrx_word' id='word_1_209' title='bbox 2355 1331 2450 1379; x_wconf 78' lang='lat' dir='ltr'><strong>hoc</strong></span> <span class='ocrx_word' id='word_1_210' title='bbox 2481 1327 2680 1389; x_wconf 85' lang='lat' dir='ltr'><strong>libello,</strong></span> <span class='ocrx_word' id='word_1_211' title='bbox 2719 1334 2780 1378; x_wconf 74' lang='lat' dir='ltr'><strong>et</strong></span> 
     </span>
     <span class='ocr_line' id='line_1_40' title="bbox 1708 1407 2778 1472; baseline -0.005 -11"><span class='ocrx_word' id='word_1_212' title='bbox 1708 1413 1802 1461; x_wconf 88' lang='lat' dir='ltr'><strong>sub</strong></span> <span class='ocrx_word' id='word_1_213' title='bbox 1825 1411 1977 1460; x_wconf 84' lang='lat' dir='ltr'><strong>finem</strong></span> <span class='ocrx_word' id='word_1_214' title='bbox 1995 1417 2196 1460; x_wconf 85' lang='lat' dir='ltr'><strong>tantum</strong></span> <span class='ocrx_word' id='word_1_215' title='bbox 2213 1407 2404 1472; x_wconf 85' lang='lat' dir='ltr'><strong>dialogi</strong></span> <span class='ocrx_word' id='word_1_216' title='bbox 2418 1409 2532 1456; x_wconf 77' lang='lat' dir='ltr'><strong>haec</strong></span> <span class='ocrx_word' id='word_1_217' title='bbox 2549 1407 2778 1472; x_wconf 64' lang='lat' dir='ltr'><strong>questio</strong></span> 
     </span>
     <span class='ocr_line' id='line_1_41' title="bbox 1708 1482 2776 1550; baseline -0.004 -16"><span class='ocrx_word' id='word_1_218' title='bbox 1708 1494 1892 1550; x_wconf 74' lang='lat' dir='ltr'><strong>aperte</strong></span> <span class='ocrx_word' id='word_1_219' title='bbox 1924 1493 2200 1536; x_wconf 84' lang='lat' dir='ltr'><strong>tractatur.</strong></span> <span class='ocrx_word' id='word_1_220' title='bbox 2266 1483 2444 1547; x_wconf 89' lang='lat' dir='ltr'><strong>Objici</strong></span> <span class='ocrx_word' id='word_1_221' title='bbox 2473 1482 2630 1532; x_wconf 83' lang='lat' dir='ltr'><strong>etiam</strong></span> <span class='ocrx_word' id='word_1_222' title='bbox 2653 1495 2776 1548; x_wconf 77' lang='lat' dir='ltr'><strong>poa·</strong></span> 
     </span>
     <span class='ocr_line' id='line_1_42' title="bbox 1706 1561 2778 1628; baseline -0.003 -16"><span class='ocrx_word' id='word_1_223' title='bbox 1706 1570 1825 1614; x_wconf 88' lang='lat' dir='ltr'><strong>sunt</strong></span> <span class='ocrx_word' id='word_1_224' title='bbox 1847 1578 2000 1613; x_wconf 83' lang='lat' dir='ltr'><strong>voces</strong></span> <span class='ocrx_word' id='word_1_225' title='bbox 2037 1576 2332 1628; x_wconf 70' lang='lat' dir='ltr'><strong>synonymae</strong></span> <span class='ocrx_word' id='word_1_226' title='bbox 2376 1561 2563 1625; x_wconf 82' lang='lat' dir='ltr'><strong>passim</strong></span> <span class='ocrx_word' id='word_1_227' title='bbox 2596 1566 2650 1609; x_wconf 89' lang='lat' dir='ltr'><strong>et</strong></span> <span class='ocrx_word' id='word_1_228' title='bbox 2689 1575 2778 1610; x_wconf 58' lang='lat' dir='ltr'><strong>sn,-</strong></span> 
     </span>
     <span class='ocr_line' id='line_1_43' title="bbox 1708 1633 2776 1703; baseline -0.004 -15"><span class='ocrx_word' id='word_1_229' title='bbox 1708 1653 2002 1703; x_wconf 82' lang='lat' dir='ltr'><strong>pervacuae,</strong></span> <span class='ocrx_word' id='word_1_230' title='bbox 2041 1653 2156 1702; x_wconf 76' lang='lat' dir='ltr'><strong>quae</strong></span> <span class='ocrx_word' id='word_1_231' title='bbox 2215 1652 2319 1686; x_wconf 89' lang='lat' dir='ltr'><strong>non</strong></span> <span class='ocrx_word' id='word_1_232' title='bbox 2361 1637 2486 1686; x_wconf 82' lang='lat' dir='ltr'><strong>satis</strong></span> <span class='ocrx_word' id='word_1_233' title='bbox 2545 1633 2776 1685; x_wconf 83' lang='lat' dir='ltr'><strong>deceant</strong></span> 
     </span>
     <span class='ocr_line' id='line_1_44' title="bbox 1707 1713 2778 1778; baseline -0.005 -13"><span class='ocrx_word' id='word_1_234' title='bbox 1707 1715 2148 1778; x_wconf 66' lang='lat' dir='ltr'><strong>praeclarissimum</strong></span> <span class='ocrx_word' id='word_1_235' title='bbox 2177 1721 2452 1763; x_wconf 85' lang='lat' dir='ltr'><strong>oratorem.</strong></span> <span class='ocrx_word' id='word_1_236' title='bbox 2519 1713 2652 1760; x_wconf 85' lang='lat' dir='ltr'><strong>Sunt</strong></span> <span class='ocrx_word' id='word_1_237' title='bbox 2672 1713 2778 1762; x_wconf 84' lang='lat' dir='ltr'><strong>eti·</strong></span> 
     </span>
     <span class='ocr_line' id='line_1_45' title="bbox 1704 1786 2772 1858; baseline -0.005 -17"><span class='ocrx_word' id='word_1_238' title='bbox 1704 1807 1785 1841; x_wconf 82' lang='lat' dir='ltr'><strong>am</strong></span> <span class='ocrx_word' id='word_1_239' title='bbox 1810 1793 1893 1841; x_wconf 83' lang='lat' dir='ltr'><strong>hic</strong></span> <span class='ocrx_word' id='word_1_240' title='bbox 1919 1792 2156 1858; x_wconf 79' lang='lat' dir='ltr'><strong>quaedam</strong></span> <span class='ocrx_word' id='word_1_241' title='bbox 2194 1790 2311 1840; x_wconf 90' lang='lat' dir='ltr'><strong>loca</strong></span> <span class='ocrx_word' id='word_1_242' title='bbox 2331 1789 2592 1838; x_wconf 81' lang='lat' dir='ltr'><strong>contraria</strong></span> <span class='ocrx_word' id='word_1_243' title='bbox 2619 1786 2772 1837; x_wconf 80' lang='lat' dir='ltr'><strong>insti-</strong></span> 
     </span>
     <span class='ocr_line' id='line_1_46' title="bbox 1704 1863 2774 1918; baseline -0.004 0"><span class='ocrx_word' id='word_1_244' title='bbox 1704 1868 1988 1918; x_wconf 88' lang='lat' dir='ltr'><strong>tutionibus</strong></span> <span class='ocrx_word' id='word_1_245' title='bbox 2013 1865 2250 1917; x_wconf 83' lang='lat' dir='ltr'><strong>oratoriis</strong></span> <span class='ocrx_word' id='word_1_246' title='bbox 2289 1863 2614 1916; x_wconf 79' lang='lat' dir='ltr'><strong>Quintiliani.</strong></span> <span class='ocrx_word' id='word_1_247' title='bbox 2677 1863 2774 1914; x_wconf 78' lang='lat' dir='ltr'><strong>Sic</strong></span> 
     </span>
     <span class='ocr_line' id='line_1_47' title="bbox 1705 1939 2778 2008; baseline -0.001 -17"><span class='ocrx_word' id='word_1_248' title='bbox 1705 1945 1832 1992; x_wconf 88' lang='lat' dir='ltr'><strong>talia</strong></span> <span class='ocrx_word' id='word_1_249' title='bbox 1871 1943 2104 2008; x_wconf 58' lang='lat' dir='ltr'><strong>quaedam</strong></span> <span class='ocrx_word' id='word_1_250' title='bbox 2143 1955 2332 2006; x_wconf 84' lang='lat' dir='ltr'><strong>negare</strong></span> <span class='ocrx_word' id='word_1_251' title='bbox 2363 1939 2606 1990; x_wconf 78' lang='lat' dir='ltr'><strong>videntur</strong></span> <span class='ocrx_word' id='word_1_252' title='bbox 2637 1955 2778 2004; x_wconf 79' lang='lat' dir='ltr'><strong>opus</strong></span> 
     </span>
     <span class='ocr_line' id='line_1_48' title="bbox 1704 2015 2774 2082; baseline -0.001 -15"><span class='ocrx_word' id='word_1_253' title='bbox 1704 2019 1884 2080; x_wconf 85' lang='lat' dir='ltr'><strong>Fabio,</strong></span> <span class='ocrx_word' id='word_1_254' title='bbox 1899 2018 1991 2068; x_wconf 89' lang='lat' dir='ltr'><strong>sed</strong></span> <span class='ocrx_word' id='word_1_255' title='bbox 2008 2020 2160 2082; x_wconf 84' lang='lat' dir='ltr'><strong>louge</strong></span> <span class='ocrx_word' id='word_1_256' title='bbox 2175 2019 2326 2081; x_wconf 85' lang='lat' dir='ltr'><strong>plura</strong></span> <span class='ocrx_word' id='word_1_257' title='bbox 2342 2023 2396 2066; x_wconf 87' lang='lat' dir='ltr'><strong>et</strong></span> <span class='ocrx_word' id='word_1_258' title='bbox 2413 2016 2644 2065; x_wconf 80' lang='lat' dir='ltr'><strong>certiora</strong></span> <span class='ocrx_word' id='word_1_259' title='bbox 2663 2015 2774 2080; x_wconf 78' lang='lat' dir='ltr'><strong>ipsi</strong></span> 
     </span>
     <span class='ocr_line' id='line_1_49' title="bbox 1706 2093 2778 2158; baseline -0.002 -14"><span class='ocrx_word' id='word_1_260' title='bbox 1706 2095 1864 2146; x_wconf 86' lang='lat' dir='ltr'><strong>decus</strong></span> <span class='ocrx_word' id='word_1_261' title='bbox 1908 2102 2160 2147; x_wconf 85' lang='lat' dir='ltr'><strong>asserunt.</strong></span> <span class='ocrx_word' id='word_1_262' title='bbox 2247 2095 2316 2144; x_wconf 87' lang='lat' dir='ltr'><strong>Et</strong></span> <span class='ocrx_word' id='word_1_263' title='bbox 2367 2093 2490 2158; x_wconf 88' lang='lat' dir='ltr'><strong>quid</strong></span> <span class='ocrx_word' id='word_1_264' title='bbox 2533 2093 2778 2144; x_wconf 79' lang='lat' dir='ltr'><strong>certius?</strong></span> 
     </span>
     <span class='ocr_line' id='line_1_50' title="bbox 1703 2171 2774 2236; baseline 0 -15"><span class='ocrx_word' id='word_1_265' title='bbox 1703 2173 1936 2236; x_wconf 83' lang='lat' dir='ltr'><strong>Ipsemet</strong></span> <span class='ocrx_word' id='word_1_266' title='bbox 1955 2171 2022 2222; x_wconf 88' lang='lat' dir='ltr'><strong>de</strong></span> <span class='ocrx_word' id='word_1_267' title='bbox 2045 2187 2102 2222; x_wconf 87' lang='lat' dir='ltr'><strong>se</strong></span> <span class='ocrx_word' id='word_1_268' title='bbox 2123 2177 2306 2235; x_wconf 83' lang='lat' dir='ltr'><strong>aperte</strong></span> <span class='ocrx_word' id='word_1_269' title='bbox 2321 2171 2612 2222; x_wconf 84' lang='lat' dir='ltr'><strong>testaturin</strong></span> <span class='ocrx_word' id='word_1_270' title='bbox 2635 2171 2774 2221; x_wconf 83' lang='lat' dir='ltr'><strong>Pro-</strong></span> 
     </span>
     <span class='ocr_line' id='line_1_51' title="bbox 1703 2244 2780 2308; baseline -0.003 -10"><span class='ocrx_word' id='word_1_271' title='bbox 1703 2247 1838 2298; x_wconf 70' lang='lat' dir='ltr'><strong>e&#39;mio</strong></span> <span class='ocrx_word' id='word_1_272' title='bbox 1859 2247 1950 2298; x_wconf 82' lang='lat' dir='ltr'><strong>lib.</strong></span> <span class='ocrx_word' id='word_1_273' title='bbox 1973 2260 2025 2296; x_wconf 81' lang='lat' dir='ltr'><strong>v.</strong></span> <span class='ocrx_word' id='word_1_274' title='bbox 2047 2248 2226 2296; x_wconf 86' lang='lat' dir='ltr'><strong>Instit.</strong></span> <span class='ocrx_word' id='word_1_275' title='bbox 2250 2246 2402 2295; x_wconf 85' lang='lat' dir='ltr'><strong>Orat.</strong></span> <span class='ocrx_word' id='word_1_276' title='bbox 2444 2247 2462 2274; x_wconf 92' lang='lat'>‘</span> <span class='ocrx_word' id='word_1_277' title='bbox 2485 2245 2569 2294; x_wconf 80' lang='lat' dir='ltr'><strong>Itn</strong></span> <span class='ocrx_word' id='word_1_278' title='bbox 2589 2244 2780 2308; x_wconf 65' lang='lat' dir='ltr'><strong>forte:</strong></span> 
     </span>
     <span class='ocr_line' id='line_1_52' title="bbox 1701 2323 2772 2388; baseline 0 -16"><span class='ocrx_word' id='word_1_279' title='bbox 1701 2323 1891 2388; x_wconf 87' lang='lat' dir='ltr'><strong>inquit,</strong></span> <span class='ocrx_word' id='word_1_280' title='bbox 1932 2323 2174 2385; x_wconf 82' lang='lat' dir='ltr'><strong>‘accidit,</strong></span> <span class='ocrx_word' id='word_1_281' title='bbox 2212 2328 2270 2372; x_wconf 88' lang='lat' dir='ltr'><strong>ut</strong></span> <span class='ocrx_word' id='word_1_282' title='bbox 2307 2335 2424 2371; x_wconf 86' lang='lat' dir='ltr'><strong>eum</strong></span> <span class='ocrx_word' id='word_1_283' title='bbox 2463 2335 2668 2386; x_wconf 88' lang='lat' dir='ltr'><strong>quoque</strong></span> <span class='ocrx_word' id='word_1_284' title='bbox 2705 2323 2772 2372; x_wconf 87' lang='lat' dir='ltr'><strong>li·</strong></span> 
     </span>
     <span class='ocr_line' id='line_1_53' title="bbox 1705 2397 2772 2465; baseline 0 -17"><span class='ocrx_word' id='word_1_285' title='bbox 1705 2399 1871 2461; x_wconf 84' lang='lat' dir='ltr'><strong>hrum,</strong></span> <span class='ocrx_word' id='word_1_286' title='bbox 1893 2413 2042 2465; x_wconf 86' lang='lat' dir='ltr'><strong>quem</strong></span> <span class='ocrx_word' id='word_1_287' title='bbox 2081 2397 2145 2448; x_wconf 84' lang='lat' dir='ltr'><strong>de</strong></span> <span class='ocrx_word' id='word_1_288' title='bbox 2175 2397 2341 2448; x_wconf 76' lang='lat' dir='ltr'><strong>causis</strong></span> <span class='ocrx_word' id='word_1_289' title='bbox 2374 2405 2640 2462; x_wconf 65' lang='lat' dir='ltr'><strong>corrupta</strong></span> <span class='ocrx_word' id='word_1_290' title='bbox 2660 2397 2772 2448; x_wconf 80' lang='lat' dir='ltr'><strong>elo-</strong></span> 
     </span>
     <span class='ocr_line' id='line_1_54' title="bbox 1701 2473 2776 2540; baseline -0.002 -15"><span class='ocrx_word' id='word_1_291' title='bbox 1701 2477 1929 2540; x_wconf 76' lang='lat' dir='ltr'><strong>quentiae</strong></span> <span class='ocrx_word' id='word_1_292' title='bbox 1961 2475 2126 2537; x_wconf 84' lang='lat' dir='ltr'><strong>emisi,</strong></span> <span class='ocrx_word' id='word_1_293' title='bbox 2155 2474 2266 2539; x_wconf 83' lang='lat' dir='ltr'><strong>jam</strong></span> <span class='ocrx_word' id='word_1_294' title='bbox 2297 2473 2525 2524; x_wconf 84' lang='lat' dir='ltr'><strong>scribere</strong></span> <span class='ocrx_word' id='word_1_295' title='bbox 2554 2487 2776 2538; x_wconf 74' lang='lat' dir='ltr'><strong>aggres-</strong></span> 
     </span>
     <span class='ocr_line' id='line_1_55' title="bbox 1702 2547 2772 2616; baseline -0.001 -17"><span class='ocrx_word' id='word_1_296' title='bbox 1702 2566 1806 2612; x_wconf 84' lang='lat' dir='ltr'><strong>sus,</strong></span> <span class='ocrx_word' id='word_1_297' title='bbox 1826 2551 1980 2600; x_wconf 88' lang='lat' dir='ltr'><strong>simili</strong></span> <span class='ocrx_word' id='word_1_298' title='bbox 2014 2551 2124 2600; x_wconf 86' lang='lat' dir='ltr'><strong>ictu</strong></span> <span class='ocrx_word' id='word_1_299' title='bbox 2158 2548 2362 2612; x_wconf 76' lang='lat' dir='ltr'><strong>feriret,</strong></span> <span class='ocrx_word' id='word_1_300' title='bbox 2381 2549 2566 2598; x_wconf 81' lang='lat' dir='ltr'><strong>vulnus</strong></span> <span class='ocrx_word' id='word_1_301' title='bbox 2597 2547 2772 2616; x_wconf 76' lang='lat' dir='ltr'><strong>[scil-1</strong></span> 
     </span>
     <span class='ocr_line' id='line_1_56' title="bbox 1699 2617 2768 2686; baseline -0.002 -10"><span class='ocrx_word' id='word_1_302' title='bbox 1699 2617 1992 2678; x_wconf 73' lang='lat' dir='ltr'><strong>orbitatis.&#39;‘</strong></span> <span class='ocrx_word' id='word_1_303' title='bbox 2052 2627 2314 2675; x_wconf 83' lang='lat' dir='ltr'><strong>Amiserat</strong></span> <span class='ocrx_word' id='word_1_304' title='bbox 2363 2637 2552 2686; x_wconf 82' lang='lat' dir='ltr'><strong>nempe</strong></span> <span class='ocrx_word' id='word_1_305' title='bbox 2595 2623 2768 2674; x_wconf 73' lang='lat' dir='ltr'><strong>fili-u</strong></span> 
     </span>
     <span class='ocr_line' id='line_1_57' title="bbox 1699 2697 2766 2764; baseline -0.001 -13"><span class='ocrx_word' id='word_1_306' title='bbox 1699 2703 1950 2754; x_wconf 83' lang='lat' dir='ltr'><strong>infantem</strong></span> <span class='ocrx_word' id='word_1_307' title='bbox 1970 2702 2261 2764; x_wconf 84' lang='lat' dir='ltr'><strong>admodum,</strong></span> <span class='ocrx_word' id='word_1_308' title='bbox 2279 2715 2398 2752; x_wconf 80' lang='lat' dir='ltr'><strong>curn</strong></span> <span class='ocrx_word' id='word_1_309' title='bbox 2429 2714 2548 2750; x_wconf 87' lang='lat' dir='ltr'><strong>eum</strong></span> <span class='ocrx_word' id='word_1_310' title='bbox 2568 2697 2766 2750; x_wconf 77' lang='lat' dir='ltr'><strong>librum</strong></span> 
     </span>
     <span class='ocr_line' id='line_1_58' title="bbox 1698 2774 2767 2844; baseline -0.004 -15"><span class='ocrx_word' id='word_1_311' title='bbox 1698 2787 2052 2844; x_wconf 81' lang='lat' dir='ltr'><strong>componeret,</strong></span> <span class='ocrx_word' id='word_1_312' title='bbox 2075 2778 2200 2829; x_wconf 85' lang='lat' dir='ltr'><strong>dein</strong></span> <span class='ocrx_word' id='word_1_313' title='bbox 2229 2793 2403 2828; x_wconf 83' lang='lat' dir='ltr'><strong>rursus</strong></span> <span class='ocrx_word' id='word_1_314' title='bbox 2424 2777 2646 2827; x_wconf 84' lang='lat' dir='ltr'><strong>alterum</strong></span> <span class='ocrx_word' id='word_1_315' title='bbox 2667 2774 2767 2826; x_wconf 77' lang='lat' dir='ltr'><strong>fili-</strong></span> 
     </span>
     <span class='ocr_line' id='line_1_59' title="bbox 1697 2849 2764 2918; baseline -0.003 -13"><span class='ocrx_word' id='word_1_316' title='bbox 1697 2871 1803 2918; x_wconf 83' lang='lat' dir='ltr'><strong>um,</strong></span> <span class='ocrx_word' id='word_1_317' title='bbox 1833 2872 1950 2907; x_wconf 86' lang='lat' dir='ltr'><strong>cum</strong></span> <span class='ocrx_word' id='word_1_318' title='bbox 1979 2855 2330 2907; x_wconf 83' lang='lat' dir='ltr'><strong>institutiones</strong></span> <span class='ocrx_word' id='word_1_319' title='bbox 2363 2854 2617 2905; x_wconf 83' lang='lat' dir='ltr'><strong>oratorias</strong></span> <span class='ocrx_word' id='word_1_320' title='bbox 2653 2849 2764 2902; x_wconf 79' lang='lat' dir='ltr'><strong>for-</strong></span> 
     </span>
    </p>
   </div>
   <div class='ocr_carea' id='block_1_8' title="bbox 554 2925 1878 2997">
    <p class='ocr_par' dir='ltr' id='par_1_9' title="bbox 554 2925 1878 2997">
     <span class='ocr_line' id='line_1_60' title="bbox 554 2925 1878 2997; baseline -0.005 -15"><span class='ocrx_word' id='word_1_321' title='bbox 554 2945 649 2982; x_wconf 91' lang='lat' dir='ltr'><strong>cur</strong></span> <span class='ocrx_word' id='word_1_322' title='bbox 684 2931 977 2997; x_wconf 82' lang='lat' dir='ltr'><strong>eloquentia</strong></span> <span class='ocrx_word' id='word_1_323' title='bbox 1007 2936 1255 2992; x_wconf 82' lang='lat' dir='ltr'><strong>corrupta</strong></span> <span class='ocrx_word' id='word_1_324' title='bbox 1300 2925 1389 2988; x_wconf 86' lang='lat' dir='ltr'><strong>sit,</strong></span> <span class='ocrx_word' id='word_1_325' title='bbox 1431 2926 1616 2991; x_wconf 84' lang='lat' dir='ltr'><strong>qulbus</strong></span> <span class='ocrx_word' id='word_1_326' title='bbox 1693 2940 1878 2985; x_wconf 65' lang='lat' dir='ltr'><strong>maret,</strong></span> 
     </span>
    </p>
   </div>
   <div class='ocr_carea' id='block_1_9' title="bbox 553 3004 1614 3068">
    <p class='ocr_par' dir='ltr' id='par_1_10' title="bbox 553 3004 1614 3068">
     <span class='ocr_line' id='line_1_61' title="bbox 553 3004 1614 3068; baseline -0.008 -10"><span class='ocrx_word' id='word_1_327' title='bbox 553 3007 671 3060; x_wconf 84' lang='lat' dir='ltr'><strong>scil.</strong></span> <span class='ocrx_word' id='word_1_328' title='bbox 696 3007 865 3060; x_wconf 84' lang='lat' dir='ltr'><strong>causis</strong></span> <span class='ocrx_word' id='word_1_329' title='bbox 883 3005 1097 3059; x_wconf 80' lang='lat' dir='ltr'><strong>floreret</strong></span> <span class='ocrx_word' id='word_1_330' title='bbox 1130 3005 1269 3067; x_wconf 87' lang='lat' dir='ltr'><strong>olim,</strong></span> <span class='ocrx_word' id='word_1_331' title='bbox 1289 3009 1346 3053; x_wconf 91' lang='lat' dir='ltr'><strong>et</strong></span> <span class='ocrx_word' id='word_1_332' title='bbox 1370 3004 1480 3068; x_wconf 79' lang='lat' dir='ltr'><strong>jam</strong></span> <span class='ocrx_word' id='word_1_333' title='bbox 1503 3007 1614 3051; x_wconf 88' lang='lat' dir='ltr'><strong>tum</strong></span> 
     </span>
    </p>
   </div>
   <div class='ocr_carea' id='block_1_10' title="bbox 550 3495 2764 3702">
    <p class='ocr_par' dir='ltr' id='par_1_11' title="bbox 550 3495 2764 3702">
     <span class='ocr_line' id='line_1_62' title="bbox 553 3495 2764 3602; baseline 0 -21"><span class='ocrx_word' id='word_1_334' title='bbox 553 3495 781 3588; x_wconf 53' lang='grc' dir='ltr'><strong>ΒΑΕ-ΡΒ</strong></span> <span class='ocrx_word' id='word_1_335' title='bbox 811 3499 901 3582; x_wconf 58' lang='grc' dir='ltr'><strong>(ἐκ</strong></span> <span class='ocrx_word' id='word_1_336' title='bbox 928 3536 1037 3582; x_wconf 88' lang='lat' dir='ltr'><strong>me</strong></span> <span class='ocrx_word' id='word_1_337' title='bbox 1060 3519 1364 3602; x_wconf 64' lang='lat' dir='ltr'><strong>requiriS,</strong></span> <span class='ocrx_word' id='word_1_338' title='bbox 1407 3517 1604 3583; x_wconf 66' lang='lat' dir='ltr'><strong>suste</strong></span> <span class='ocrx_word' id='word_1_339' title='bbox 1647 3517 1874 3596; x_wconf 66' lang='lat' dir='ltr'><strong>Fabi:</strong></span> <span class='ocrx_word' id='word_1_340' title='bbox 1899 3535 2035 3596; x_wconf 87' lang='lat' dir='ltr'><strong>cur,</strong></span> <span class='ocrx_word' id='word_1_341' title='bbox 2067 3535 2221 3580; x_wconf 88' lang='lat' dir='ltr'><strong>cum</strong></span> <span class='ocrx_word' id='word_1_342' title='bbox 2251 3517 2472 3601; x_wconf 86' lang='lat' dir='ltr'><strong>priora</strong></span> <span class='ocrx_word' id='word_1_343' title='bbox 2497 3517 2764 3582; x_wconf 70' lang='lat' dir='ltr'><strong>saecula</strong></span> 
     </span>
     <span class='ocr_line' id='line_1_63' title="bbox 550 3615 2762 3702; baseline -0.003 -15"><span class='ocrx_word' id='word_1_344' title='bbox 550 3625 651 3686; x_wconf 87' lang='lat' dir='ltr'><strong>tot</strong></span> <span class='ocrx_word' id='word_1_345' title='bbox 702 3619 1124 3686; x_wconf 83' lang='lat' dir='ltr'><strong>eminentium</strong></span> <span class='ocrx_word' id='word_1_346' title='bbox 1183 3625 1521 3684; x_wconf 83' lang='lat' dir='ltr'><strong>oratorum</strong></span> <span class='ocrx_word' id='word_1_347' title='bbox 1576 3619 1856 3700; x_wconf 86' lang='lat' dir='ltr'><strong>ingeniis</strong></span> <span class='ocrx_word' id='word_1_348' title='bbox 1912 3617 2250 3702; x_wconf 80' lang='lat' dir='ltr'><strong>gloriaque</strong></span> <span class='ocrx_word' id='word_1_349' title='bbox 2304 3615 2762 3696; x_wconf 56' lang='lat' dir='ltr'><strong>emeruerint„-</strong></span> 
     </span>
    </p>
   </div>
   <div class='ocr_carea' id='block_1_11' title="bbox 968 3811 2314 3876">
    <p class='ocr_par' dir='ltr' id='par_1_12' title="bbox 968 3811 2314 3876">
     <span class='ocr_line' id='line_1_64' title="bbox 968 3811 2314 3876; baseline 0.001 -14"><span class='ocrx_word' id='word_1_350' title='bbox 968 3820 994 3850; x_wconf 71' lang='grc' dir='ltr'><strong><em>ο</em></strong></span> <span class='ocrx_word' id='word_1_351' title='bbox 1029 3815 1131 3862; x_wconf 71' lang='lat' dir='ltr'><strong>car</strong></span> <span class='ocrx_word' id='word_1_352' title='bbox 1145 3813 1319 3864; x_wconf 64' lang='lat' dir='ltr'><strong>mu·</strong></span> <span class='ocrx_word' id='word_1_353' title='bbox 1337 3811 1439 3862; x_wconf 70' lang='grc' dir='ltr'><strong>ωει.</strong></span> <span class='ocrx_word' id='word_1_354' title='bbox 1460 3818 1509 3862; x_wconf 75' lang='lat' dir='ltr'><strong>et</strong></span> <span class='ocrx_word' id='word_1_355' title='bbox 1522 3813 1800 3876; x_wconf 66' lang='lat' dir='ltr'><strong>etque-ua</strong></span> <span class='ocrx_word' id='word_1_356' title='bbox 1813 3812 1972 3876; x_wconf 51' lang='lat' dir='ltr'><em>310·st</em></span> <span class='ocrx_word' id='word_1_357' title='bbox 1991 3813 2314 3864; x_wconf 52' lang='lat' dir='ltr'><strong>mai-e.</strong></span> 
     </span>
    </p>
   </div>
   <div class='ocr_carea' id='block_1_12' title="bbox 1546 3979 1758 4030">
    <p class='ocr_par' dir='ltr' id='par_1_13' title="bbox 1546 3979 1758 4030">
     <span class='ocr_line' id='line_1_65' title="bbox 1546 3979 1758 4030; baseline -0.005 0"><span class='ocrx_word' id='word_1_358' title='bbox 1546 3979 1758 4030; x_wconf 76' lang='lat' dir='ltr'><strong>NOTAE</strong></span> 
     </span>
    </p>
   </div>
   <div class='ocr_carea' id='block_1_13' title="bbox 550 4107 2764 4249">
    <p class='ocr_par' dir='ltr' id='par_1_14' title="bbox 550 4107 2764 4249">
     <span class='ocr_line' id='line_1_66' title="bbox 615 4107 2764 4174; baseline 0.003 -17"><span class='ocrx_word' id='word_1_359' title='bbox 615 4113 643 4141; x_wconf 79' lang='lat'>⁸</span> <span class='ocrx_word' id='word_1_360' title='bbox 668 4109 811 4158; x_wconf 69' lang='lat' dir='ltr'><strong>sante</strong></span> <span class='ocrx_word' id='word_1_361' title='bbox 834 4107 983 4172; x_wconf 70' lang='lat' dir='ltr'><strong>Fabi]</strong></span> <span class='ocrx_word' id='word_1_362' title='bbox 1036 4107 1195 4158; x_wconf 81' lang='lat' dir='ltr'><strong>Hune</strong></span> <span class='ocrx_word' id='word_1_363' title='bbox 1234 4107 1447 4158; x_wconf 77' lang='lat' dir='ltr'><strong>Fabium</strong></span> <span class='ocrx_word' id='word_1_364' title='bbox 1483 4109 1606 4160; x_wconf 64' lang='grc' dir='ltr'><strong>,Ιησ-</strong></span> <span class='ocrx_word' id='word_1_365' title='bbox 1684 4110 1786 4160; x_wconf 87' lang='lat' dir='ltr'><strong>isse</strong></span> <span class='ocrx_word' id='word_1_366' title='bbox 1808 4123 1874 4158; x_wconf 79' lang='lat' dir='ltr'><strong>ex</strong></span> <span class='ocrx_word' id='word_1_367' title='bbox 1897 4107 2070 4174; x_wconf 79' lang='lat' dir='ltr'><strong>Epist.</strong></span> <span class='ocrx_word' id='word_1_368' title='bbox 2091 4122 2134 4162; x_wconf 85' lang='lat'><strong>1.</strong></span> <span class='ocrx_word' id='word_1_369' title='bbox 2153 4114 2236 4160; x_wconf 82' lang='lat'><strong>11.</strong></span> <span class='ocrx_word' id='word_1_370' title='bbox 2268 4115 2326 4161; x_wconf 86' lang='lat' dir='ltr'><strong>et</strong></span> <span class='ocrx_word' id='word_1_371' title='bbox 2359 4121 2466 4162; x_wconf 76' lang='lat' dir='ltr'><strong>vn.</strong></span> <span class='ocrx_word' id='word_1_372' title='bbox 2483 4113 2536 4162; x_wconf 73' lang='lat'><strong>2.</strong></span> <span class='ocrx_word' id='word_1_373' title='bbox 2557 4109 2764 4162; x_wconf 72' lang='lat' dir='ltr'><strong>intelli·</strong></span> 
     </span>
     <span class='ocr_line' id='line_1_67' title="bbox 550 4183 2182 4249; baseline -0.001 -9"><span class='ocrx_word' id='word_1_374' title='bbox 550 4189 661 4240; x_wconf 69' lang='lat' dir='ltr'><strong>tun</strong></span> <span class='ocrx_word' id='word_1_375' title='bbox 690 4185 911 4239; x_wconf 79' lang='lat' dir='ltr'><strong>amicum</strong></span> <span class='ocrx_word' id='word_1_376' title='bbox 942 4185 1097 4236; x_wconf 80' lang='lat' dir='ltr'><strong>etism</strong></span> <span class='ocrx_word' id='word_1_377' title='bbox 1118 4185 1333 4236; x_wconf 86' lang='lat' dir='ltr'><strong>minoris</strong></span> <span class='ocrx_word' id='word_1_378' title='bbox 1346 4185 1507 4236; x_wconf 76' lang='lat' dir='ltr'><strong>Plinii</strong></span> <span class='ocrx_word' id='word_1_379' title='bbox 1524 4183 1604 4236; x_wconf 83' lang='lat' dir='ltr'><strong>fu·</strong></span> <span class='ocrx_word' id='word_1_380' title='bbox 1683 4187 1866 4249; x_wconf 81' lang='lat' dir='ltr'><strong>gimus.</strong></span> <span class='ocrx_word' id='word_1_381' title='bbox 1901 4186 2182 4238; x_wconf 62' lang='lat' dir='ltr'><strong>Gra-snbs-</strong></span> 
     </span>
    </p>
   </div>
   <div class='ocr_carea' id='block_1_14' title="bbox 3131 1462 3139 2110">
    <p class='ocr_par' dir='ltr' id='par_1_15' title="bbox 3131 1462 3139 2110">
     <span class='ocr_line' id='line_1_68' title="bbox 3131 1462 3139 2110; baseline 0 0"><span class='ocrx_word' id='word_1_382' title='bbox 3131 1462 3139 2110; x_wconf 95' lang='lat' dir='ltr'><strong> </strong></span> 
     </span>
    </p>
   </div>
  </div>
 </body>
</html>
