3175 4934
1090 394 1525 457 onasum,
1569 394 1736 445 oses
1779 376 1890 445 34.

2401 374 2578 448 8³61

1367 638 1589 689 NOTAE

372 755 606 809 maxime
620 750 923 805 volentium.
938 752 962 785 '·
986 746 1179 802 Verum
1201 748 1278 817 (id
1300 748 1440 815 qnod

372 831 611 899 inprimis
651 830 707 881 in
748 843 813 879 ea
860 827 1041 879 tabula
1083 826 1441 881 admirandum

374 922 489 960 esse
513 904 665 971 duxi)
701 918 859 955 senex
898 904 985 953 ille
1026 902 1280 955 Hercules
1320 918 1440 954 con-

373 978 709 1035 strunium
737 978 1001 1045 ‘quandam
1020 980 1279 1029 bominum
1314 978 1441 1028 mul·

380 1058 651 1109 titudinem
674 1057 849 1117 trahit,
868 1070 1044 1105 omnes
1067 1056 1277 1105 auribus
1300 1056 1441 1105 vine·

380 1142 479 1187 tos·
542 1134 765 1185 Vincula
784 1132 860 1183 illi
882 1138 1005 1183 sunt
1020 1132 1289 1184 habenula
1310 1146 1443 1196 prt-

380 1216 583 1272 tenues,
620 1221 747 1257 auro
784 1208 1086 1272 electroque
1128 1205 1443 1267 fabrifactae,

1520 746 1832 816 effingimus,
1890 746 2032 815 quod
2073 746 2266 799 virlbu
2307 746 2584 799 admodum

1520 824 1806 893 prevalere
1846 840 1962 877 eum
2002 824 2270 876 Mercurio
2306 823 2584 875 credimus.

1520 904 1674 959 Quod
1700 908 1872 953 autern
1897 917 2054 952 senex
2078 900 2308 965 fingitur,
2345 914 2412 949 ne
2434 898 2489 950 id
2526 907 2588 951 tu

1519 992 1836 1043 magnopere
1892 978 2186 1028 admireris:
2255 978 2392 1027 solet
2446 976 2586 1026 enim

1520 1068 1688 1104 sermo
1709 1054 1762 1103 in
1785 1059 2056 1104 senectute
2089 1053 2295 1103 demum
2317 1052 2421 1101 vim
2444 1065 2584 1102 suam

1470 1146 1477 1153 ·
1514 1130 1710 1194 justam
1755 1130 2066 1194 plenamque
2107 1128 2385 1177 exhibere:
2431 1125 2588 1191 siqui·

1522 1209 1640 1283 dem
1665 1207 1835 1272 poete
1855 1207 2016 1257 vestri
2037 1220 2162 1255 vere
2181 1205 2234 1254 id
2257 1208 2590 1267 censuerunt,

382 1272 591 1349 s'pirulis
614 1283 891 1333 collaribus
924 1281 1295 1333 honestissimis
1327 1296 1445 1348 per-
1514 1285 1781 1350 jnniorum
1797 1282 2056 1333 hominum
2086 1288 2310 1331 mentem
2325 1282 2592 1331 volucrem

381 1360 595 1409 similes.
663 1358 837 1423 Atque
874 1358 910 1408 ii
949 1366 1057 1409 tam
1094 1357 1316 1408 exilibus
1336 1358 1443 1407 vin·

384 1434 518 1484 culis
551 1433 695 1483 ducti
728 1434 889 1499 (quod
912 1432 1136 1499 mireris)
1170 1450 1237 1485 ne
1270 1435 1443 1499 fugam

1520 1359 1913 1425 instabilemque
1952 1374 2087 1421 esse,
2137 1363 2464 1409 senectutem
2500 1370 2594 1405 au·

1526 1441 1632 1485 tem
1653 1434 1788 1485 scite
1809 1435 1985 1485 dicere
2008 1448 2176 1498 posse,
2199 1439 2256 1482 et
2273 1429 2588 1481 commodius

384 1507 596 1574 quidem
617 1509 1057 1574 circumspectare
1080 1510 1339 1573 videntur,
1371 1519 1444 1561 ta·
1516 1512 1818 1576 juventute.
1883 1511 1970 1561 Sic
2009 1510 2102 1560 tibi
2136 1510 2273 1575 apud
2299 1508 2588 1559 Homerum

382 1584 537 1635 metsi
558 1585 697 1633 nullo
726 1600 891 1650 prope
924 1586 1137 1650 negotio
1180 1586 1445 1649 explicare

381 1677 439 1712 se
462 1662 679 1727 possint.
747 1664 863 1713 Nec
892 1664 1099 1713 omnino
1128 1665 1449 1727 restitantes,

388 1745 480 1801 aut
514 1738 567 1787 in
588 1738 851 1788 diversum
874 1738 1161 1789 renitentes
1182 1740 1446 1803 resupina-

384 1820 576 1878 tosqne
600 1814 789 1862 videas.
840 1812 1051 1863 Hilares
1067 1829 1189 1865 vero
1208 1814 1303 1877 illi,
1320 1814 1449 1862 lueti-

388 1884 563 1953 t'iaque
578 1886 792 1952 perfusi,
802 1898 1087 1953 sequuntur
1102 1889 1380 1939 ducentem
1394 1901 1449 1938 se

386 1960 559 2015 Deum
580 1964 819 2014 laudibus
836 1962 1131 2029 efferentes,
1148 1966 1375 2015 trahenti
1396 1980 1451 2015 se

389 2040 528 2088 ultro
544 2053 606 2089 eo
622 2054 782 2103 usque
798 2040 1232 2103 obsecundantes,
1246 2047 1303 2089 ut
1319 2055 1451 2104 prae-

388 2106 634 2164 'veniendi
676 2115 849 2164 studio
889 2115 1094 2165 vincula
1138 2115 1296 2165 etlam
1334 2116 1453 2165 luxa

388 2186 789 2255 incontentaque
836 2192 1148 2257 relinquant.
1232 2192 1455 2240 Diceret

392 2280 481 2315 eos
506 2266 681 2316 tristes
720 2264 940 2327 futuros,
974 2268 1015 2317 si
1055 2266 1305 2333 ejusmodi
1345 2268 1451 2317 vin-

392 2342 519 2392 culis
540 2343 697 2393 eximi
736 2358 792 2393 se
829 2343 1075 2393 sentiant.
1144 2342 1277 2406 Age,
1315 2342 1451 2407 quod

393 2416 807 2467 absurdissimum
824 2418 945 2467 mihi
964 2419 1124 2468 visum
1142 2424 1241 2480 est,
1256 2418 1308 2467 id
1329 2432 1453 2467 vero

392 2492 586 2543 addere
608 2508 713 2543 non
736 2494 973 2545 verebor.
1039 2494 1170 2544 Cum
1191 2494 1329 2543 enim
1346 2487 1455 2558 pic-

394 2564 499 2619 tori
534 2569 787 2633 reliquum
814 2569 927 2633 jam
962 2568 1090 2618 nibil
1125 2575 1282 2631 esset,
1318 2570 1455 2619 unde

393 2644 747 2693 catenularum
824 2650 1058 2693 ex‘trema
1134 2646 1455 2709 innecteret;

396 2719 591 2784 quippe
636 2719 853 2769 dextera
897 2720 1105 2785 quidem
1148 2720 1297 2770 clava
1340 2736 1455 2784 ges-

396 2795 576 2857 tanda,
628 2795 838 2843 sinistra
881 2809 1005 2845 vero
1062 2809 1189 2844 arcu
1230 2795 1457 2845 tenendo

394 2866 672 2935 occupata,
692 2880 907 2933 pertusa
917 2870 1021 2919 Dei
1036 2870 1105 2917 lin
1112 2885 1211 2933 gna
1224 2870 1461 2934 alligatos

398 2958 489 2996 eos
508 2947 744 2995 homines
779 2944 1026 2994 ductitari
1050 2945 1115 2994 ab
1134 2946 1241 3008 ejus
1265 2959 1462 2994 summo

396 3018 573 3081 finxit,
610 3020 897 3069 identidem
933 3020 1065 3069 duce
1097 3020 1372 3070 ridibundo
1398 3018 1463 3071 ad

400 3114 487 3148 eos
509 3111 564 3147 se
582 3102 939 3147 convertente.
989 3096 1121 3147 Hoec
1142 3111 1241 3159 ego
1261 3096 1463 3147 diutule

400 3188 515 3225 cum
540 3172 949 3223 considerassem
981 3171 1383 3223 admirabundus
1409 3179 1465 3224 et

400 3250 670 3317 baesitans,
724 3254 883 3313 atque
938 3248 1067 3297 adeo
1114 3248 1465 3313 indignatione

402 3328 609 3395 plenus,
644 3326 715 3375 ibi
754 3324 937 3375 Gallus
969 3325 1193 3389 qnidam,
1226 3324 1312 3389 qui
1354 3332 1460 3375 tum

407 3400 545 3451 sorte
570 3402 768 3465 aderat,
784 3399 919 3450 haud
938 3401 1145 3464 ignarus
1164 3402 1275 3464 ipse
1294 3416 1463 3451 rerum

406 3486 717 3540 nostrarum,
746 3484 806 3527 ut
838 3478 925 3541 qni
960 3478 1185 3543 linguam
1222 3480 1465 3529 Graecam

406 3564 591 3605 exacte
608 3554 791 3605 doetus
812 3560 971 3615 esset,
990 3560 1049 3603 ut
1070 3562 1255 3619 postea
1279 3556 1468 3619 patuit,

407 3632 595 3683 Graece
616 3647 679 3682 eo
704 3632 968 3697 loquente,
988 3630 1325 3695 philosophie
1350 3646 1471 3696 qno-

404 3700 527 3775 que,
561 3722 705 3757 more
738 3706 930 3771 gentis,
946 3706 1178 3769 studens,
1208 3706 1471 3757 Quantum

411 3784 673 3848 conjicere
692 3783 837 3845 licet,
856 3782 970 3845 tibi,
990 3783 1158 3847 inquit
1175 3782 1241 3832 ad
1270 3796 1372 3845 me,
1400 3780 1471 3831 mi

406 3862 613 3925 hospes,
648 3860 869 3925 pictura
904 3860 1053 3924 hujus
1088 3865 1470 3913 sacramentum

414 3937 747 4001 interpretari
780 3938 924 3986 volo:
961 3936 1149 3986 videris
1182 3936 1315 3985 enim
1346 3950 1471 3986 non-

412 4016 539 4067 nihil
556 4016 653 4066 bac
670 4016 737 4066 de
754 4031 811 4065 re
828 4016 1141 4067 conturbari.
1190 4017 1299 4067 Nos
1314 4016 1473 4079 igitur

417 4090 583 4145 cena
600 4106 904 4154 sermonem,
914 4090 1470 4155 non,quemadmodutn

416 4183 510 4218 vos
534 4164 731 4231 Groecl,
770 4170 1086 4219 Mercurium
1123 4186 1235 4221 esse
1269 4170 1475 4223 dictita-

412 4244 671 4327 ῃιιιιρᾳὰ
692 4246 909 4297 Herculi
942 4245 1161 4297 similem
1190 4262 1475 4321 sermonem

544 4314 791 4399 9041·ssoe
816 4332 934 4387 Ver.
958 4332 1091 4383 aas.

1440 4326 1596 4381 M.

1526 1603 1594 1637 ex
1611 1587 1850 1637 Nestoris
1863 1587 1996 1637 senis
2013 1586 2188 1651 lingna
2205 1582 2466 1649 profluere
2483 1581 2590 1631 mel

1526 1662 1776 1725 creditur,
1811 1668 1870 1711 et
1887 1660 2222 1726 Trojanorum
2243 1666 2475 1708 oratores
2496 1654 2588 1707 flo-

1530 1736 1693 1785 ridam
1725 1750 1815 1787 ore
1837 1750 2018 1787 vocem
2053 1736 2292 1785 emittere
2325 1734 2590 1785 dicuntur.

1528 1811 1758 1861 Proinde
1792 1812 1836 1861 sl
1875 1811 2086 1862 auribus
2125 1810 2356 1860 homines
2397 1809 2462 1858 ad
2497 1808 2594 1859 liu·

1532 1906 1682 1957 guam
1728 1888 1952 1952 illigatos
1994 1903 2154 1937 senex
2191 1888 2276 1937 hic
2315 1884 2594 1947 Hercules,

1532 1963 1670 2015 idem
1693 1972 1748 2015 et
1773 1978 1962 2029 sermo,
1980 1964 2159 2025 trahit,
2177 1977 2242 2011 ne
2263 1962 2359 2011 boc
2381 1960 2594 2025 quidem

1532 2049 1614 2091 est
1657 2057 1749 2091 cur
1793 2040 2009 2105 mireris,
2049 2042 2230 2105 utique
2273 2039 2362 2103 qui
2401 2027 2592 2101 linguai

1534 2118 1838 2183 auriumque
1881 2116 2242 2180 cognationem
2283 2114 2458 2175 noris,’
2494 2116 2600 2165 &c-

1532 2194 1620 2243 Sic
1662 2194 1920 2243 Hercules
1952 2192 2040 2241 ille
2080 2192 2314 2241 Gallicus
2353 2204 2457 2238 non
2493 2188 2597 2239 fuit

1530 2268 1816 2333 symbolum
1835 2268 1946 2317 veri
1965 2267 2212 2317 Herculis
2229 2280 2320 2315 seu
2339 2264 2596 2329 antiquio·

1534 2344 1626 2405 ris,
1662 2356 1830 2406 neque
1861 2342 1996 2393 forte
2031 2344 2182 2405 Solis,
2217 2350 2304 2393 aut
2325 2342 2432 2392 Dei
2464 2341 2596 2391 alius

1533 2420 1925 2484 cujuscumque,
1936 2418 2030 2468 sed
2047 2419 2376 2484 eloquentie.
2419 2417 2595 2467 Heros

1532 2492 1637 2545 fuit
1658 2494 1744 2543 ille
1770 2494 2002 2545 Celticus
2035 2494 2266 2545 diversus
2299 2493 2505 2543 omnino
2528 2492 2596 2543 ab

1534 2572 1648 2622 aliis
1663 2572 1892 2635 ejusdem
1908 2569 2292 2635 appellationis,
2301 2570 2600 2635 nullamque

1534 2647 1924 2698 similitudinem
1963 2647 2160 2697 habens
2209 2661 2325 2697 cum
2366 2644 2600 2696 Hercule

1533 2723 1714 2790 Tyrio,
1755 2724 2022 2789 AEgypfio,
2059 2730 2150 2773 aut
2186 2722 2460 2784 Thebano,
2503 2720 2602 2771 ulsi

1538 2802 1746 2849 virtutis
1778 2800 1988 2849 invictae
2029 2809 2083 2847 et
2124 2800 2302 2848 similis
2341 2797 2602 2849 vocabuli.

1540 2876 1614 2925 Et
1633 2874 1810 2939 quidni
1831 2873 1989 2923 fuerit
2007 2874 2161 2943 etiam
2185 2872 2355 2923 Heros
2377 2871 2602 2935 inclytus

1541 2949 1746 2999 virtutis
1780 2956 1838 2999 et
1870 2950 2045 3011 gloriae
2077 2948 2214 2997 fama
2237 2948 2378 3011 apud
2401 2948 2600 3010 Celtas,

1542 3024 1681 3090 apud
1706 3025 1886 3075 Gallos
1908 3029 1962 3073 et
1977 3024 2266 3073 Germanos
2284 3024 2418 3071 viros
2432 3020 2607 3071 fortis·

1542 3103 1714 3165 simos,
1751 3103 1806 3151 in
1827 3100 2140 3161 Occidente,
2171 3098 2603 3165 quemadmodum

1542 3179 1596 3227 in
1620 3178 1842 3229 Oriente
1859 3176 1998 3241 apud
2016 3176 2290 3229 Phoenices
2313 3183 2371 3226 et
2387 3176 2606 3227 Grecos

1544 3254 1757 3304 extitit?
1793 3256 1874 3305 vel
1907 3269 1973 3305 ex
2001 3270 2058 3305 re
2079 3254 2154 3304 sie
2181 3254 2412 3305 creditus
2432 3254 2608 3319 vulgo,

1544 3329 1628 3379 vel
1649 3331 1724 3379 sic
1745 3328 1897 3381 fictus
1937 3330 2160 3397 antiquis
2181 3328 2480 3391 annalibns3
2513 3334 2606 3379 aut

1544 3412 1691 3456 certe
1723 3406 1798 3457 sic
1835 3406 2126 3471 descriptus
2159 3404 2405 3455 facundia
2443 3420 2504 3457 ac
2543 3406 2604 3455 li·

1544 3484 1718 3535 centia
1740 3484 1948 3546 Graeca,
1969 3498 2036 3533 ex
2056 3482 2196 3531 fama
2217 3488 2409 3532 tamen.

1611 3560 1777 3610 Putat
1829 3560 2043 3610 Vossius
2095 3558 2342 3611 confundi
2392 3556 2609 3611 Josuam

1548 3652 1666 3687 cum
1686 3636 1915 3687 Hercule
1937 3654 1952 3687 ς
1985 3651 2120 3699 narn,
2139 3637 2328 3701 inquit,
2347 3634 2472 3700 quid
2497 3642 2607 3690 tum

1548 3712 1704 3763 animi
1728 3712 2079 3773 Phoenicibus,
2111 3710 2194 3760 vel
2227 3710 2338 3760 aliis
2367 3708 2608 3775 gentibus

1549 3786 1782 3837 finitimis
1802 3784 1962 3837 fuisse
1984 3786 2370 3839 existimemus?
2431 3784 2610 3839 Facile

1551 3864 1690 3915 enim
1714 3864 1960 3915 videbant
1999 3878 2100 3913 non
2136 3864 2247 3912 sine
2282 3860 2458 3913 divino
2495 3862 2610 3913 Nu·

1550 3941 1690 3991 mine
1715 3946 1793 3991 tot
1815 3940 1952 3991 bella
1983 3941 2200 4006 gessisse
2221 3940 2452 4001 Josuam,
2485 3952 2611 4003 quo·

1550 4030 1666 4067 rum
1703 4018 1948 4067 memoria
1986 4024 2275 4085 propagata
2318 4031 2414 4081 per
2457 4013 2614 4064 tradi·

1551 4094 1747 4145 tionem
1769 4093 1822 4143 in
1856 4100 2110 4157 posteros,
2137 4091 2326 4141 fabulis
2349 4088 2612 4145 admixtis.

1550 4166 1634 4219 Ac
1648 4165 1800 4219 facile
1817 4169 2074 4218 creditum
2088 4183 2119 4218 a
2133 4166 2479 4227 Plioenicibus,
2495 4175 2616 4217 cum

1556 4242 1822 4295 Herculea
1841 4243 1892 4293 vi
1929 4242 2056 4292 nibil
2075 4243 2240 4307 majus
2259 4244 2491 4303 nossent,
2521 4237 2615 4291 Jo-

2335 4308 2480 4373 io'n
