3175 4934
591 387 767 459 3286

1317 403 1378 453 c.
1425 390 1789 454 connitur
1836 406 2093 454 'uerri

593 551 702 616 vel
729 547 1006 626 civitati,
1056 557 1213 631 pars
1241 547 1404 630 ipsi,
1453 549 1567 631 qui
1616 547 2007 628 vindicatur,
2052 548 2163 614 vel
2190 550 2585 634 propinquis
2612 549 2805 634 ejus·

597 652 995 723 exsolvitur.
1085 649 1433 754 Eliguntur
1459 651 1530 714 in
1559 650 1800 714 iisdem
1828 651 2133 716 conciliis
2159 655 2225 714 et
2266 652 2630 736 PrincipeS,
2678 652 2805 736 qui

801 823 818 852 N

595 871 684 928 eet,
715 867 788 915 vel
801 867 1036 930 proximis
1057 867 1154 930 dus
1176 866 1476 932 expenditur.
1539 865 1858 916 Ammuntur
1876 866 1929 914 in
1953 866 2119 914 iisdem
2140 863 2344 913 comitiis
2376 863 2519 914 etiam
2548 863 2803 929 principes,

1577 1073 1790 1126 NOTAE

591 1251 789 1314 nimiis,
827 1267 942 1318 quae
966 1251 1168 1303 villanis
1188 1252 1438 1318 locorum,
1472 1253 1526 1303 in
1548 1253 1659 1320 qui-

595 1328 694 1376 bus
715 1330 958 1378 murdrum
981 1335 1341 1392 perpetratum
1373 1330 1562 1393 fuerat,
1594 1329 1663 1378 ir-

592 1404 890 1466 rogabatur.
926 1406 941 1432 ‘
962 1405 1013 1454 si
1036 1405 1304 1469 quispiam'
1321 1406 1476 1467 enim,
1501 1413 1557 1454 ut
1571 1404 1662 1454 ba-

592 1479 720 1528 bent
743 1480 882 1544 leges
906 1480 1150 1530 Edwardi
1183 1480 1488 1530 confessoris
1511 1496 1558 1530 c.
1576 1487 1658 1530 15.

592 1559 606 1582 ⁸
623 1554 916 1604 murdratus
930 1557 1122 1607 alicubi
1134 1558 1512 1621 reperiebatur,
1524 1572 1664 1621 quaa·

594 1629 808 1678 rebatur
829 1630 969 1694 apud
990 1633 1161 1681 villam
1185 1633 1274 1681 ubi
1295 1633 1663 1683 inveniebatur

591 1706 904 1758 interfector
925 1709 1081 1760 illius.
1115 1710 1218 1761 Qui
1241 1711 1286 1759 si
1307 1711 1522 1759 inveniri
1548 1717 1661 1774 pot-

593 1790 726 1846 erat,
763 1783 1066 1834 tradebatur
1090 1784 1315 1848 justitiae
1333 1785 1490 1850 regis,
1523 1784 1660 1834 intra

590 1860 730 1923 ipsos
751 1863 801 1908 8.
839 1860 950 1910 dies
980 1859 1378 1911 interfectionis.
1445 1861 1500 1910 Si
1536 1875 1658 1911 vero

591 1935 811 1985 inveniri
835 1951 938 1986 non
960 1944 1185 2001 poterat,
1218 1938 1406 1988 mensis
1429 1944 1486 1987 et
1508 1937 1657 1987 unius

593 2011 696 2061 diei
723 2018 1018 2076 respectum
1039 2013 1300 2063 habebant
1322 2013 1388 2063 ad
1404 2027 1522 2063 eum
1545 2027 1660 2077 per-

591 2090 916 2153 quirendum.
995 2091 1148 2142 Quod
1171 2093 1212 2140 si
1227 2093 1364 2140 intra
1380 2093 1659 2141 terminum

591 2178 694 2212 non
739 2165 1122 2226 inveniebatur,
1178 2165 1558 2228 colligebantur
1602 2166 1657 2214 in

491 2295 504 2304 ·
593 2240 714 2287 villa
735 2243 819 2298 46.
843 2241 1068 2296 marcae,’
1083 2243 1182 2289 Sec.
1219 2241 1358 2288 Hinc
1378 2241 1657 2301 Angilduuu,

590 2314 814 2376 simplex
837 2312 1054 2376 Gildum,
1073 2320 1164 2363 aut
1187 2314 1534 2376 Weregildum:
1567 2331 1661 2365 sen

592 2389 813 2452 simplex
829 2389 972 2437 valor
983 2388 1199 2438 hominis
1216 2390 1301 2439 vel
1319 2390 1394 2438 rei
1413 2391 1656 2454 alicujus:

593 2463 948 2527 compensatio
971 2477 1064 2527 pro
1097 2464 1332 2526 simplice
1363 2466 1437 2514 rei
1466 2466 1547 2514 vel
1569 2465 1659 2514 ho-

591 2539 740 2588 minis
781 2539 1154 2589 aestimatione:
1190 2554 1257 2588 ex
1289 2540 1540 2591 Saxonico
1575 2558 1657 2602 ua,

593 2629 710 2679 una,
749 2622 806 2666 et
830 2616 954 2678 gild,
993 2616 1199 2678 solutio,
1239 2617 1484 2680 pretium,
1519 2632 1657 2667 com-

590 2690 849 2753 pensatio,
891 2694 949 2739 ut
979 2690 1266 2752 inigildum,
1306 2694 1658 2754 compensatio

593 2766 818 2829 duplex:
865 2766 1133 2828 trigildiae,
1169 2769 1524 2832 compensatio
1563 2770 1657 2818 tri-

589 2841 854 2905 plex,&c.
930 2841 1071 2892 Hinc
1111 2849 1167 2892 et
1209 2842 1387 2908 Agild,
1429 2845 1526 2896 boc
1573 2853 1657 2896 est

589 2922 848 2972 Saxonico
889 2921 1133 2971 idiomate
1169 2923 1252 2986 qui
1293 2927 1366 2972 eet
1405 2923 1655 2989 innotatus,

589 2997 789 3062 ianuae,
825 3000 928 3049 siae
965 3000 1351 3064 compensatione,
1389 3001 1478 3067 qui
1519 3002 1657 3067 talis,

589 3083 647 3126 et
669 3083 776 3126 tam
807 3079 1106 3138 sceleratus,
1145 3086 1202 3126 ut
1237 3079 1306 3128 ob
1345 3079 1459 3142 ejus
1493 3079 1651 3130 inter-

587 3148 886 3212 fectionem,
919 3153 1144 3214 pretium
1167 3152 1303 3216 quod
1333 3154 1655 3215 Weregildum

589 3230 796 3284 vocant,
829 3239 928 3273 non
947 3227 1202 3288 exigatur.
1257 3226 1428 3290 Leges
1445 3227 1651 3277 Alfredi

589 3311 636 3346 c.
655 3301 704 3346 6.
736 3299 752 3326 ‘
776 3299 830 3346 Si
849 3299 1040 3362 Utlaga
1063 3299 1348 3362 efficiat,ut
1365 3302 1653 3363 occidatur,

587 3385 686 3434 pro
709 3383 772 3420 eo
807 3371 944 3435 quod
981 3379 1166 3423 contra
1199 3375 1300 3424 Dei
1339 3381 1563 3438 rectum,
1596 3383 1656 3428 et

588 3445 746 3510 Regis
759 3445 1030 3509 imperium
1044 3455 1168 3510 stet,
1181 3451 1441 3514 ...jaceat
1456 3449 1653 3515 Agilo?

653 3529 678 3555 ⁸
717 3521 801 3572 Vel
815 3523 1089 3586 propinquis
1109 3525 1229 3588 0⁸⁸⁸]
1264 3527 1489 3592 Nempe,
1523 3529 1566 3576 si
1592 3529 1654 3591 is,

587 3599 672 3648 cui
690 3613 844 3663 poena
860 3613 950 3648 seu
969 3601 1160 3650 mulcta
1176 3602 1491 3664 solvebatur,
1506 3603 1653 3654 abes-

587 3679 689 3736 set,
730 3681 822 3724 aut
865 3683 1081 3725 mortem
1124 3677 1356 3729 obiisset.
1446 3681 1653 3744 Neque,

585 3755 734 3813 puto,
766 3748 840 3798 ibi
861 3752 1086 3816 loquitur
1120 3751 1187 3801 de
1223 3754 1402 3804 caede:
1437 3769 1556 3804 uam
1576 3755 1653 3804 di-

585 3822 680 3886 cit,
697 3825 949 3874 levior-ms
967 3828 1171 3890 delictis,
1189 3831 1272 3891 esc.
1341 3829 1442 3878 Sed
1477 3839 1652 3880 tamen

583 3899 725 3950 idem
739 3899 900 3951 fiebat
912 3907 1064 3952 etiam
1083 3920 1179 3968 pro
1197 3906 1485 3956 homicidio.
1511 3910 1651 3958 Nam

583 3973 718 4026 infra
761 3991 808 4027 c.
845 3983 930 4027 21.
980 3981 994 4006 ‘
1023 3981 1207 4030 Luitur
1246 3983 1402 4032 etiam
1447 3983 1652 4034 homici-

585 4051 728 4104 dium
747 4061 895 4106 certo
928 4063 1284 4108 armentorum
1316 4071 1380 4108 ac
1403 4074 1649 4122 pecorum

583 4135 821 4194 numero,
882 4128 1176 4198 recipitque
1240 4131 1647 4188 satisfactionem

585 4203 828 4262 universa
849 4203 1065 4262 domus?

1810 1254 1895 1303 Vel
1912 1250 2189 1317 propinquis
2210 1247 2328 1312 dus]
2361 1247 2466 1300 Sed
2490 1249 2637 1299 simul
2659 1249 2805 1300 vide·

1740 1335 1826 1378 tur
1849 1343 1912 1378 ea
1934 1329 2019 1377 lex
2044 1328 2231 1391 posita,
2267 1334 2324 1375 ut
2360 1326 2402 1375 si
2427 1325 2538 1390 quis
2562 1326 2627 1375 de
2651 1327 2801 1378 caede

1742 1404 2016 1468 propinqui
2068 1410 2269 1467 partem
2323 1403 2479 1466 pretii
2520 1403 2806 1466 acciperet,

1743 1487 2009 1530 teneretur
2048 1480 2205 1528 etiam
2246 1485 2300 1528 et
2337 1479 2536 1528 solvere
2576 1494 2671 1542 pro
2706 1494 2803 1528 sua

1742 1558 1977 1620 portione
1998 1557 2137 1605 necis
2160 1556 2337 1604 alienae
2356 1556 2597 1619 pretium,
2619 1556 2659 1604 si
2684 1557 2802 1620 quis

1743 1634 2143 1696 propinquorum
2162 1646 2366 1682 suorum
2390 1633 2611 1680 alienum
2633 1632 2803 1680 virum

1742 1707 2023 1756 occideret.
2087 1706 2175 1755 Ita
2222 1708 2359 1757 vices
2396 1715 2560 1756 eraut.
2626 1707 2803 1758 Quare

1740 1784 2022 1846 parentelae
2048 1788 2103 1831 et
2136 1781 2342 1832 familiae
2379 1783 2683 1847 quandoque
2719 1797 2800 1832 re·

1738 1859 2063 1921 nuntiabant,
2082 1872 2147 1907 ne
2162 1859 2392 1908 caedibus
2411 1865 2503 1908 aut
2518 1857 2801 1908 ultionibus

1738 1935 2041 1986 domesticis
2078 1951 2134 1985 se
2170 1936 2540 1985 immiscerent:
2586 1941 2692 1984 tum
2733 1935 2799 1984 de

1739 2015 2013 2077 parentela
2035 2029 2091 2062 se
2129 2012 2313 2062 tollere
2347 2011 2674 2072 dicebantur,
2708 2009 2797 2075 qui

1739 2104 1852 2138 eam
1865 2089 2063 2138 solenni
2077 2095 2133 2137 et
2147 2094 2359 2152 recepto
2378 2088 2481 2137 ritu
2496 2085 2768 2150 ejurabant
2785 2102 2800 2135 z

1738 2165 1823 2229 qui
1847 2165 1972 2214 ritus
1992 2164 2224 2226 pluribus
2240 2164 2552 2213 describitur
2569 2163 2620 2212 in
2644 2169 2801 2227 pacto

1737 2240 1865 2302 legis
1888 2240 2075 2289 Salicae
2098 2241 2181 2288 tit.
2198 2243 2283 2290 63.
2350 2241 2457 2290 Cur
2490 2247 2662 2289 autem
2689 2239 2799 2303 quis

1736 2329 1791 2363 se
1814 2317 1873 2364 de
1888 2317 2131 2378 parentela
2151 2315 2375 2375 tolleret,
2392 2331 2455 2365 ea
2476 2316 2801 2380 po‘tissimum

1738 2405 1891 2440 causa
1930 2399 2060 2449 erat,
2106 2398 2166 2440 ut
2208 2409 2239 2441 a
2278 2391 2425 2442 bellis
2461 2391 2799 2442 familiaribus

1739 2480 1852 2516 sese
1893 2467 2241 2517 subduceret:
2293 2483 2394 2533 quo
2414 2468 2621 2532 quidem
2644 2473 2802 2531 pacto

1738 2545 1755 2572 ‘
1780 2557 1837 2592 se
1876 2544 1941 2592 de
1969 2543 2263 2606 juramento
2305 2552 2361 2594 et
2394 2544 2459 2593 dc
2482 2544 2803 2606 haereditate,

1738 2625 1795 2668 et
1816 2619 1884 2667 de
1907 2624 2019 2668 tota
2041 2620 2241 2668 ratione
2273 2627 2548 2681 parentum
2570 2627 2625 2669 et
2646 2634 2801 2682 agna-

1738 2699 1907 2742 torum
1932 2694 2147 2744 tollebat
2164 2695 2197 2742 :'
2229 2695 2307 2743 ita
2328 2701 2403 2757 ut,
2424 2697 2439 2724 ‘
2462 2696 2506 2743 si
2530 2697 2713 2761 aliquis
2732 2696 2803 2745 de

1739 2769 1842 2819 suis
1882 2770 2185 2834 parentibus
2226 2776 2317 2819 aut
2354 2777 2666 2833 moreretur,
2708 2777 2802 2822 aut

1735 2844 2085 2909 occideretur,
2096 2847 2239 2895 nulla
2249 2845 2315 2894 ad
2332 2845 2475 2894 illurn
2492 2845 2802 2908 compositio

1736 2921 2055 2974 hereditatis
2092 2923 2421 2988 perueniret:
2456 2921 2609 2972 simili
2644 2921 2800 2972 modo

1734 2999 1775 3048 si
1812 2999 1901 3049 ille
1939 3009 2247 3065 moreretur,
2283 3000 2349 3050 ad
2394 3013 2513 3049 suos
2552 3005 2801 3062 parentes

1732 3091 1834 3127 non
1876 3078 2163 3142 pertineret
2200 3091 2355 3128 causa
2388 3091 2487 3128 nec
2518 3074 2797 3126 haereditas

1734 3153 1875 3215 ejus!

1800 3227 1976 3293 Atque
1994 3231 2151 3279 etiam
2172 3229 2225 3278 id
2244 3229 2398 3291 louge
2414 3234 2535 3291 post
2553 3227 2801 3289 obtinuit,

1734 3309 1792 3351 ut
1814 3317 1881 3351 ex
1915 3304 2121 3367 legibus
2157 3304 2376 3354 Heurici
2410 3303 2454 3353 1.
2490 3303 2651 3367 Regis
2691 3302 2798 3352 An-

1736 3379 1852 3443 gliae
1876 3381 2161 3444 colligitur,
2194 3397 2242 3431 c.
2265 3386 2348 3431 88.
2382 3387 2398 3412 ‘
2422 3383 2473 3431 Si
2504 3381 2619 3446 quis
2642 3395 2797 3446 prop·

1736 3465 1817 3504 ter
1860 3454 2048 3504 faidam
2088 3457 2167 3506 vel
2212 3471 2414 3508 causam
2459 3457 2683 3522 aliquam
2727 3457 2797 3506 de

1737 3533 2004 3598 parentela
2024 3548 2079 3583 se
2096 3534 2224 3583 velit
2242 3532 2444 3596 tollere,
2465 3541 2521 3582 et
2534 3547 2647 3582 eam
2667 3531 2795 3582 foris

1728 3609 2006 3675 juraverit,
2043 3617 2100 3660 et
2132 3609 2199 3658 de
2232 3609 2479 3659 societate
2500 3616 2556 3658 et
2578 3607 2799 3657 haeredi-

1737 3691 1847 3735 tate
1868 3692 1924 3735 et
1948 3691 2063 3735 tota
2082 3685 2219 3734 illius
2250 3684 2453 3733 ratione
2476 3695 2531 3730 se
2556 3689 2795 3746 separet;

1735 3759 1779 3809 si
1803 3767 1982 3823 postea
2017 3759 2201 3822 aliquis
2235 3759 2301 3807 de
2329 3756 2627 3819 parentibus
2650 3755 2799 3820 abju-

1735 3836 1859 3884 ratis
1878 3835 2142 3898 moriatur,
2166 3836 2243 3882 vel
2266 3832 2553 3894 occidatur,
2578 3831 2704 3882 nihil
2727 3833 2795 3882 ad

1733 3923 1849 3959 eum
1874 3911 1938 3959 de
1961 3911 2291 3972 haereditate,
2319 3909 2400 3958 vel
2424 3909 2793 3973 compositione

1733 3987 2011 4049 pertineat.
2092 3986 2145 4036 Si
2184 3992 2355 4036 autem
2393 3986 2509 4049 ipse
2544 3987 2797 4036 moriatur

1729 4067 1823 4112 aut
1842 4060 2132 4124 occidatur,
2166 4060 2445 4112 baereditas
2480 4063 2565 4111 vel
2587 4075 2795 4125 compo·

1726 4135 1849 4185 sitio
1870 4135 1993 4187 filiis
2016 4135 2138 4201 suis,
2159 4138 2243 4188 vel
2265 4136 2653 4201 dominisjustis
2674 4150 2795 4204 pro·

1728 4209 1939 4262 veniat.’
