3175 4934
1090 417 1522 480 censuum,
1567 416 1732 467 ose.
1774 401 1879 467 12.

2413 403 2585 470 828⁷

375 560 532 646 jura
572 581 708 645 per.
739 576 956 643 pagos
996 561 1352 644 vicosque*
1389 561 1693 626 reddant.
1708 569 1729 608 ⁵
1820 561 2095 624 Centeni
2139 557 2454 643 singulisc
2498 581 2589 628 ex

385 663 578 746 plebe
607 663 908 738 comites,
943 663 1298 726 consilium
1325 664 1526 726 simul
1554 670 1619 726 et
1646 664 2035 769 auctoritas,
2067 663 2329 730 adsunt.

388 843 470 906 qui
489 843 572 905 ,ius
593 845 790 893 reddant
809 859 895 908 per
925 859 1075 908 pagos
1093 845 1321 910 vicosque.
1393 845 1592 895 Ceretani
1626 845 1821 896 cuilibet
1844 844 2069 910 principi
2090 860 2155 895 ex
2168 847 2341 911 populo
2358 846 2473 896 socii
2496 859 2589 896 seu

387 921 665 958 assessores
685 909 805 972 dati,
825 923 942 958 eum
964 911 1156 959 comitio
1173 911 1314 960 simul
1332 915 1378 959 et
1399 911 1887 971 auetoritaujuvant.

1311 1057 1338 1076 0
1347 1055 1458 1076 0000
1463 1054 1669 1075 OOOOOOO

385 1155 418 1202 ⁸
467 1151 742 1204 Brotierns
781 1167 901 1204 cum
949 1156 1142 1205 ceteris
1188 1155 1322 1206 Edd.
1361 1157 1579 1206 reddunt.
1652 1153 1865 1219 Bipont.
1904 1153 2057 1218 bene,
2090 1153 2308 1204 reddant.
2381 1151 2591 1217 Sequor.

392 1215 554 1266 obe-1.

1377 1349 1599 1402 NOTAE

455 1475 479 1510 Ι·
510 1477 674 1539 Pagos
707 1477 938 1542 vicosque]
982 1479 1258 1544 Distingne
1295 1479 1453 1544 igitur

390 1553 530 1604 inter
551 1568 710 1618 pagos
733 1561 790 1604 et
811 1554 982 1604 vicos:
1017 1556 1137 1619 pagi
1169 1563 1288 1605 sunt
1311 1555 1453 1605 velut

387 1628 518 1692 ipsse
539 1630 798 1692 civitates,
811 1644 900 1680 seu
919 1645 1022 1680 una
1039 1631 1181 1680 natio
1197 1638 1288 1680 aut
1303 1638 1450 1682 certe

389 1719 510 1768 pars
550 1705 770 1755 nationis
813 1707 1030 1770 alicujus
1071 1721 1164 1757 sen
1202 1709 1450 1770 civitatis,

388 1796 501 1845 quoe
537 1782 590 1829 iu
631 1783 804 1846 plures
840 1797 1001 1846 pagos
1040 1783 1338 1846 distribute,
1390 1791 1452 1834 ut

1534 1479 1780 1530 sidebant
1817 1479 1995 1530 Romae
2028 1473 2349 1528 Decemviri.
2430 1473 2597 1527 Zetes-

1530 1557 1747 1620 ehopfen,
1782 1563 1844 1607 nt
1878 1554 2127 1604 Romanis
2150 1552 2361 1603 centeni
2374 1552 2600 1617 judices,

1532 1641 1587 1682 et
1611 1633 1747 1696 quod
1773 1632 1941 1696 primo
1958 1643 2197 1680 numerus
2216 1627 2335 1692 fuit,
2352 1629 2599 1693 deinceps

1530 1725 1715 1759 nomen
1740 1717 1796 1758 et
1834 1710 2012 1758 bonor.
2080 1705 2257 1770 Ipsum
2296 1705 2599 1755 vocabulum

1530 1787 1653 1836 Zent
1686 1785 2000 1835 territorium
2036 1783 2143 1832 sive
2179 1782 2471 1832 districtum
2512 1797 2602 1831 cu·

389 1871 546 1920 supra
585 1857 820 1908 vidimus.
886 1858 961 1908 At
1005 1860 1100 1908 rici
1149 1867 1288 1921 sunt,
1325 1875 1451 1925 qnos
1523 1863 1717 1927 jusque
1749 1860 1943 1924 judicis
1986 1857 2376 1908 centumviralis
2410 1855 2605 1920 signifi·

390 1931 560 1994 burgos
581 1948 718 1983 nunc
755 1949 1022 1997 vocamus,
1061 1936 1291 2000 quamvis
1318 1937 1454 1998 apud

392 2009 678 2058 Germanos
702 2010 843 2057 nulia
865 2023 921 2058 se
952 2013 1316 2072 contingerent
1337 2011 1458 2059 redi-

391 2083 525 2134 ficia.
594 2081 844 2133 Attamen
883 2099 1000 2148 quae
1038 2099 1136 2135 non
1163 2086 1344 2149 procui
1382 2087 1458 2135 iu-

392 2159 556 2208 vicem
571 2159 852 2221 distabant,
867 2175 1022 2209 nuum
1041 2161 1204 2210 vicum
1221 2159 1459 2224 effecere,

392 2241 448 2283 et
481 2249 546 2284 ex
567 2227 803 2298 pluribus
829 2236 956 2285 vicis
988 2236 1108 2300 pagi
1129 2236 1454 2286 existebant:

389 2323 525 2360 nunc
548 2312 701 2375 vulgo
722 2317 929 2361 cantens.

457 2395 480 2422 θ
516 2389 715 2438 Gentem·
735 2391 958 2454 singulis]
993 2391 1108 2440 Hoc
1130 2391 1380 2456 est‚quod
1403 2391 1458 2440 in

389 2464 508 2525 lege
525 2463 925 2514 Alemannorum
945 2467 1110 2528 prisca
1125 2467 1241 2530 lego
1257 2485 1268 2516 ι
1291 2467 1306 2495 ‘
1324 2467 1458 2516 Con-

393 2547 576 2590 ventus
623 2549 814 2600 mitem,
858 2544 1140 2592 secundnm
1184 2551 1458 2592 consuetu·

393 2615 565 2666 dinem
590 2618 830 2681 aliquam,
867 2617 962 2667 fist
983 2619 1036 2665 in
1057 2618 1190 2667 omni
1215 2625 1457 2680 centens,

393 2707 565 2742 coram
585 2694 786 2744 Gemite
799 2701 887 2744 eut
906 2711 998 2746 suo
1013 2694 1192 2757 Misso,
1209 2701 1266 2745 et
1281 2709 1458 2744 eoram

397 2769 596 2819 Gemite
620 2780 708 2820 aut
731 2786 820 2822 suo
845 2771 1027 2834 Misso,
1049 2779 1104 2820 et
1127 2785 1302 2820 coram
1325 2771 1458 2821 Cen-

391 2847 590 2895 tenario
609 2847 776 2911 ipsum
799 2847 1054 2911 placitum
1077 2845 1202 2895 fiat?
1248 2847 1456 2908 Lipsius.

460 2925 660 2974 Centeni
691 2926 894 2986 singulis
927 2939 990 2972 ex
1023 2921 1178 2985 plebe]
1231 2923 1364 2970 Sunt
1404 2923 1458 2969 in

393 2999 700 3065 quibusdum
743 3000 871 3048 iocis
926 2997 1239 3060 Germaniae,
1298 2998 1462 3046 veluti

393 3075 718 3136 Palatinstu,
775 3075 1084 3135 Franconia‚
1119 3075 1218 3121 ὅτε.
1258 3071 1461 3135 judicia

393 3148 692 3212 criminalia,
733 3165 845 3214 quae
883 3149 1215 3214 appellantur
1253 3147 1459 3211 Zentge-

393 3226 548 3276 richt:
601 3239 880 3290 eorumque
915 3225 1162 3290 presides
1198 3223 1460 3286 Zentgrqf-

383 3306 491 3366 ἡκ,
535 3305 647 3354 sive
693 3304 1018 3366 Zetugreoen:
1073 3310 1131 3352 et
1174 3317 1458 3353 assessores

396 3380 734 3444 Zentschopfen
755 3381 862 3429 sive
883 3379 1256 3442 Zentschqipen:
1289 3393 1460 3429 causae

397 3457 482 3506 vel
513 3469 661 3505 casus
686 3457 750 3505 ad
774 3472 838 3505 ea
867 3455 1188 3520 pertinentes
1211 3455 1460 3518 Zentfelle,

396 3534 478 3583 vel
503 3533 860 3593 Zentbarqfelle.

458 3610 526 3660 Id
549 3609 958 3674 antiquissimum
983 3609 1358 3657 Germanorum
1385 3608 1462 3656 in·

399 3687 639 3735 stitutum
655 3683 774 3746 fuit,
793 3691 848 3734 et
867 3697 898 3732 a
913 3699 1129 3733 numero
1147 3697 1458 3732 assessorum

397 3763 504 3812 sive
542 3762 788 3811 comitum
825 3761 1124 3811 centenario
1162 3761 1238 3810 sic
1261 3761 1459 3809 dictum

401 3837 710 3900 Zentgericht
722 3853 743 3896 ‚-
777 3837 927 3902 quale
945 3836 1314 3886 centumvirale
1322 3835 1461 3898 judi-

402 3914 538 3962 cium
561 3913 823 3962 Romanis.

465 3989 778 4054 Zentgraffeu
863 3989 1079 4039 comites
1160 3987 1462 4050 centenarii,

401 4065 649 4129 praesides
670 4073 727 4114 et
747 4066 1004 4129 principes
1029 4065 1139 4129 ejus
1153 4064 1359 4128 judicii,
1373 4063 1462 4129 qui

402 4147 461 4190 et
481 4141 736 4190 emerim-ii
769 4139 822 4189 in
845 4141 1067 4204 antiquis
1087 4140 1461 4189 Germanorum

400 4215 604 4282 legibus
617 4217 884 4268 dicuntur:
909 4223 973 4268 ut
987 4215 1320 4268 centumviris
1335 4229 1466 4282 ρεπ-

1534 1952 1655 1986 care
1690 1937 1914 2000 videtur,
1948 1940 2141 1984 centena
2170 1933 2225 1982 in
2262 1933 2463 1996 legibus
2480 1931 2603 1983 Aic-

1535 2025 1856 2061 marmorum.

1604 2089 1721 2138 Nec
1764 2088 1936 2136 obstat
1971 2087 2171 2136 numeri
2211 2083 2457 2137 Judicum
2494 2083 2603 2134 sive

1535 2162 1874 2212 Scabinornm
1919 2161 2291 2223 discrepanti&
2371 2159 2507 2208 Nam
2547 2163 2605 2208 et

1539 2240 1759 2289 Romani
1811 2251 1915 2288 non
1961 2238 2183 2303 praecise
2232 2242 2463 2299 centnm,
2509 2234 2604 2284 sed

1537 2324 1746 2366 centum
1786 2322 1842 2368 et
1863 2316 2107 2381 quinque,
2142 2315 2279 2365 terni
2307 2313 2511 2364 scilicet
2534 2327 2605 2362 ex

1540 2393 1751 2456 singuiis
1796 2393 2031 2442 tribubus
2070 2389 2312 2440 fuerunt:
2370 2397 2427 2440 et
2483 2403 2604 2438 cum

1541 2475 1721 2534 postea
1763 2469 1806 2518 is
1851 2481 2092 2517 numerus
2136 2466 2203 2515 ad
2248 2470 2362 2516 18⁰.
2419 2473 2605 2514 anctus

1539 2550 1698 2606 esset,
1739 2545 1939 2593 Centum
1975 2543 2186 2591 virorum
2214 2547 2386 2590 tamen
2424 2538 2605 2606 appel·

1537 2623 1666 2671 latio
1688 2621 1891 2671 mansit.
1952 2620 2302 2682 Benaeggem.
2369 2615 2477 2667 Alii
2519 2632 2607 2668 ve-

1539 2699 1655 2762 lint,
1673 2699 1811 2749 eerti.
1875 2697 1979 2746 Sed
2002 2709 2183 2747 vocem
2210 2694 2411 2758 centeni,
2432 2693 2607 2744 firmat

1539 2774 1677 2840 quod
1703 2773 1956 2839 sequitur,
1978 2773 2220 2823 eonsilium
2249 2772 2389 2821 simu
2422 2777 2469 2820 et
2499 2786 2610 2820 auc-

1537 2853 1749 2907 toritem,-
1784 2856 1838 2897 et
1859 2847 1997 2898 unde
2019 2850 2278 2897 auctoritas
2300 2845 2485 2912 plebis,
2510 2845 2611 2896 nisi

1539 2936 1606 2972 ex
1629 2923 1871 2973 numero?

1610 3001 1809 3048 Centeni
1829 2999 2051 3060 singulis]
2084 2997 2171 3046 Its
2195 3003 2257 3046 ut
2288 2997 2495 3046 adirent
2518 3013 2609 3062 pa-

1540 3090 1633 3140 gos
1668 3075 1930 3140 vicosque,
1966 3080 2025 3123 ut
2062 3074 2181 3122 lites
2216 3080 2609 3136 componerent,

1531 3151 1855 3216 judicarent3
1879 3151 2110 3215 illudque
2130 3149 2339 3199 maximi
2362 3149 2607 3214 ponderis

1539 3235 1597 3278 et
1642 3227 1985 3277 auctoritatis.
2052 3226 2298 3293 Nihilque
2340 3226 2509 3276 adhuc
2554 3228 2608 3277 in

1537 3310 1715 3353 nostra
1739 3303 1916 3352 Gallia
1938 3317 2002 3351 ea
2031 3317 2087 3352 re
2128 3301 2306 3352 utilius
2344 3310 2438 3352 aut
2476 3304 2611 3352 salu-

1538 3381 1683 3431 brius
1714 3380 1781 3428 ad
1819 3377 2157 3428 continendos
2194 3379 2332 3442 ipsos
2349 3379 2609 3443 primores

1539 3456 1942 3522 provinciarum.
2008 3456 2096 3504 Sic
2126 3455 2245 3504 olim
2268 3461 2478 3504 senatus
2502 3470 2609 3506 am-

1537 3533 1825 3584 bulatorius
1860 3531 1993 3581 fuit:
2036 3546 2172 3581 nunc
2212 3531 2277 3581 ad
2301 3537 2505 3596 tempus
2529 3546 2608 3581 se-

1541 3609 1665 3660 lecti
1706 3625 1737 3658 a
1777 3623 1899 3672 rege
1929 3608 2132 3672 judices
2158 3607 2453 3671 provincias
2489 3621 2609 3671 per-

1541 3688 1763 3736 lustrant
1813 3693 1869 3735 et
1913 3682 2233 3734 facinorosos
2286 3685 2608 3748 potentiores

1541 3762 1779 3828 puniunt.
1844 3763 2015 3825 Vulgo
2040 3761 2328 3826 appellant,
2351 3761 2610 3824 lengi-ends

1526 3840 1685 3901 joar-s,
1723 3853 1791 3889 ou
1824 3837 2039 3888 chambre
2072 3839 2281 3887 ardente.
2348 3837 2433 3888 Sic
2468 3835 2610 3902 apud

1540 3916 1730 3964 Persas
1752 3920 1902 3963 erent
1924 3913 2102 3962 selecti
2118 3911 2328 3977 judices
2348 3911 2478 3976 regii
2502 3913 2612 3961 dic-

1541 3991 1603 4054 ti,
1629 4004 1841 4056 quorum
1884 3997 1999 4039 erat
2021 3997 2304 4055 perpetuus
2340 3986 2609 4050 magistra-

1543 4073 1657 4130 tns;
1692 4069 1744 4116 hi
1773 4068 1860 4131 jus
1895 4066 2273 4131 pestilentibus
2304 4061 2610 4114 reddebant.

1544 4145 1633 4195 De
1672 4143 1826 4194 rebus
1850 4149 1922 4192 et
1962 4131 2328 4193 controversiis
2370 4134 2607 4186 omnibus

1531 4221 1739 4287 judices
1774 4219 1903 4271 istos
1940 4217 2075 4268 adiri
2108 4215 2293 4268 statuit
2330 4213 2517 4276 Cyrus,
2547 4217 2609 4266 ut
