3175 4934
1027 425 1434 489 mamona,
1477 424 1645 474 ose.
1684 408 1793 475 39.

2364 406 2539 475 8581

344 568 841 655 Imperatoriam
869 572 1194 637 virtutem·
1217 588 1390 635 esse.
1431 566 1713 632 Talibus
1738 565 1915 631 euris
1940 566 2295 646 exercitae,
2324 542 2539 651 quod-

343 692 474 755 que
499 692 704 738 saevae
755 673 1172 755 cogitationis
1218 670 1536 736 indicium
1574 674 1745 747 erat,
1776 673 2027 733 secreto
2064 688 2187 733 suo
2216 668 2543 748 sistimus,⁴

342 822 502 911 sperni
523 854 612 897 unt
631 848 872 909 tolerari3
908 855 964 897 at
1000 854 1146 898 certe
1187 849 1206 897 i

345 924 461 961 esne.

1209 848 1536 913 mperatoriam
1574 848 1759 897 taudem
1798 847 2059 911 propriam
2097 844 2281 909 egregii
2314 846 2542 910 principis

527 912 627 961 His
641 914 768 963 curis
784 913 1050 975 divexatus,
1071 914 1279 977 quodqtoe
1295 914 1472 962 atrocis
1491 912 1677 963 consilii
1706 912 2037 975 argentatum*
2044 910 2171 975 ficit,
2188 912 2437 962 solitudine
2456 926 2543 961 sua

1336 1090 1556 1141 NOTAE

347 1212 479 1274 cola,
503 1213 589 1277 qui
623 1214 638 1241 ‘
656 1213 798 1263 inter
819 1220 1134 1279 quaesturam
1165 1228 1226 1263 ac
1250 1214 1407 1263 tribu·

345 1294 520 1337 natum
545 1288 732 1352 plebis,
757 1295 914 1355 atque
937 1290 1096 1340 etiam
1126 1291 1292 1355 ipsum
1315 1290 1406 1339 tri-

347 1364 568 1414 bunatus
592 1379 800 1429 anuum,
813 1367 986 1431 quiete
1003 1373 1059 1416 et
1079 1368 1186 1417 otio
1205 1369 1410 1431 transit,

347 1456 534 1505 gnarus
574 1442 668 1491 sub
702 1442 911 1493 Nerone
949 1450 1256 1507 temporum,
1293 1444 1404 1508 qui-

345 1517 442 1567 bus
481 1518 668 1567 inertia
703 1532 798 1581 pro
837 1518 1094 1582 sapientia
1127 1518 1272 1569 fuitt’
1319 1520 1404 1569 cui

343 1593 500 1643 etiam
525 1592 660 1642 idem
691 1594 708 1622 ‘
726 1602 966 1657 praeturae
993 1602 1144 1644 tenor
1177 1602 1233 1645 et
1253 1596 1404 1645 silen-

346 1668 511 1719 tium!
575 1670 770 1720 Mutati
809 1672 982 1733 moris,
1007 1680 1064 1721 et
1101 1674 1251 1722 velut
1281 1673 1406 1723 alins

337 1743 447 1809 jam
471 1744 708 1808 arguitur
743 1746 809 1795 ad
847 1747 982 1797 hunc
1021 1745 1132 1796 fere
1169 1748 1402 1799 modum:

350 1820 490 1874 Quid
505 1822 998 1887 retulitAgricolam
1015 1824 1084 1873 ibi
1103 1825 1406 1877 modestiam

347 1896 598 1963 induisse,
638 1898 726 1949 ubi
771 1900 844 1949 nil
895 1915 1011 1951 mea
1055 1902 1324 1965 intererat,
1363 1902 1406 1953 si

346 1989 482 2025 nunc
500 1975 622 2024 alias
642 1976 707 2025 ab
741 1976 852 2037 iilo,
871 1976 1202 2041 disciplinam
1221 1978 1408 2028 milita-

346 2064 456 2099 rem
481 2050 546 2099 ad
569 2065 624 2100 se
657 2050 926 2103 ambitiose
963 2052 1140 2117 trahit,
1175 2070 1278 2119 qua
1303 2056 1410 2105 sola

349 2127 497 2177 nobis
522 2127 770 2179 invidiam
794 2130 935 2193 parit
971 2137 1027 2179 et
1059 2131 1281 2195 principi
1303 2133 1408 2195 glo-

349 2200 480 2253 riam
503 2203 733 2269 abripit?
765 2204 922 2256 Salia.

414 2278 473 2327 Si
515 2280 768 2329 militm-em
807 2282 1014 2343 glorium
1051 2283 1196 2347 alim]
1271 2286 1408 2339 Nam

347 2359 488 2405 teste
509 2357 765 2408 Oratore:
789 2358 804 2384 ‘
821 2359 1002 2409 Virtus
1019 2358 1260 2411 militaris
1281 2376 1409 2425 prae-

346 2438 455 2483 stat
497 2434 686 2483 ceteris
723 2436 986 2497 omnibus3
1040 2438 1214 2501 patria
1255 2438 1410 2501 euim,

349 2506 584 2571 libertas,
609 2515 664 2559 et
686 2508 828 2560 cives
851 2512 1020 2561 latent
1053 2512 1108 2561 in
1144 2514 1314 2563 tutela
1345 2529 1408 2565 ae

351 2582 596 2649 praesidio
621 2585 817 2635 bellicae
841 2587 1085 2638 virtutis!

417 2661 558 2709 Alius
577 2662 844 2724 occuparet]
879 2664 966 2711 De
983 2664 1094 2727 ipso
1112 2663 1408 2714 Domitiano

353 2735 578 2799 accipies
618 2746 894 2802 querente:
930 2736 1124 2789 frustra
1161 2756 1218 2790 se
1249 2742 1265 2769 ⁴
1285 2741 1410 2791 libe·

351 2814 482 2864 ralia
525 2816 697 2865 studia
741 2816 890 2865 initio
946 2818 1268 2883 principatus
1322 2835 1410 2869 ne-

355 2891 620 2955 glexisse?
659 2890 762 2956 (ita
803 2893 1076 2941 Suetonius
1099 2895 1276 2956 capite
1300 2892 1412 2957 20.)

353 2974 413 3016 ut
431 2966 496 3015 ad
519 2967 750 3017 militaria
769 2974 826 3015 et
841 2966 1170 3029 imperatoria
1185 2984 1240 3019 se
1259 2968 1412 3019 daret

353 3043 583 3093 scilicet:
620 3042 664 3091 si
705 3058 848 3105 ecce,
883 3042 1006 3091 alius
1043 3058 1157 3093 eam
1195 3045 1412 3109 gloriam

353 3124 657 3181 occuparet.
689 3118 894 3180 Lipsius.

418 3200 438 3225 ¹·
474 3194 644 3243 Cetera
683 3198 932 3257 utcumque
955 3193 1158 3253 facilius
1193 3195 1414 3246 dissimu-

353 3270 469 3333 luri]
553 3268 804 3319 Attamen
839 3285 904 3319 ex
950 3277 1168 3335 utroque
1207 3272 1412 3323 Caesar:

353 3360 472 3396 nam
495 3347 800 3411 quandoque
833 3350 848 3375 ⁴
865 3346 1058 3397 cedunt
1080 3362 1220 3398 arma
1239 3351 1414 3413 togae:

353 3429 444 3471 aut
467 3424 652 3473 saitem
674 3423 979 3473 succedunt.
1043 3424 1238 3489 Paneg.
1267 3427 1416 3477 Max.

353 3496 493 3563 Aug.
526 3499 541 3525 ‘
559 3499 708 3547 Bona
729 3499 881 3549 venia
898 3501 1072 3549 Deum
1093 3501 1330 3565 dixerim,
1350 3518 1416 3551 ne

355 3572 566 3638 Jupiter
600 3574 804 3638 quidem
839 3574 950 3637 ipse
975 3581 1124 3625 tauta
1143 3577 1416 3627 celeritate

355 3646 546 3698 faciem
584 3651 699 3698 coeli
738 3652 816 3699 sui
859 3652 1044 3713 variat,
1073 3666 1224 3716 quam
1264 3650 1418 3702 facile

359 3725 432 3789 tu,
453 3727 684 3790 Jupiter,
706 3734 876 3789 togam
903 3733 1230 3790 praetextam,
1248 3738 1418 3777 sumto

357 3802 586 3865 thorace,
607 3803 846 3862 mutasti3
883 3804 1099 3864 hastam,
1125 3804 1293 3865 posito
1317 3803 1412 3853 sci-

355 3878 530 3943 pione,
555 3878 802 3943 rapuisti3
837 3894 868 3927 a
892 3879 1135 3928 tribunali
1175 3885 1338 3929 temet
1359 3881 1414 3928 iu

357 3968 616 4019 campum,
637 3970 668 4003 a
691 3955 856 4003 curuli
893 3955 943 4002 in
984 3970 1168 4019 equum
1194 3962 1414 4004 transtu-

357 4030 490 4093 listi3
528 4039 584 4079 et
608 4044 781 4079 rursus
801 4043 864 4077 ex
888 4031 1000 4080 acie
1023 4046 1139 4081 cum
1157 4031 1414 4095 triumpho

359 4106 577 4156 redisti!

367 4172 374 4177 ’
429 4180 768 4248 Diminuam-i]
797 4181 918 4233 Non
933 4181 1260 4249 adverti,aut
1275 4188 1418 4234 σει-ω

361 4255 592 4309 tolerari.

1463 2790 1469 2799 ,
1489 2738 1652 2787 dant.'

1547 1220 1566 1246 ⁸
1600 1212 1959 1276 Imperator-iam
1981 1214 2231 1278 virtutem]
2296 1213 2450 1263 Hom.
2472 1214 2540 1264 ῙΙ.

1486 1295 1536 1339 Γ.
1559 1287 1869 1352 Ἀμφότερον,
1888 1288 2169 1345 βασιλεύῃ)
2192 1288 2368 1353 ἀγαθὸς
2382 1304 2545 1355 κρατι-

1483 1364 1562 1429 pb:
1596 1366 1641 1413 ·r'
1678 1364 1943 1427 αὶχμήτηιε
2000 1368 2276 1431 Utramque,
2314 1373 2363 1419 et
2390 1368 2543 1427 soriis

1483 1442 1618 1491 mites
1638 1448 1683 1491 et
1708 1442 1854 1491 bonus
1870 1443 2139 1506 imperator.

1550 1520 1913 1585 Imperator-ima
1930 1520 2177 1583 virtutem]
2244 1524 2375 1575 Quae
2393 1522 2463 1573 sit
2480 1536 2545 1573 ea

1486 1596 1667 1656 virtus,
1702 1602 1757 1645 et
1786 1607 1913 1662 quot
1945 1598 2057 1647 aliis
2092 1598 2295 1647 eximiis
2332 1599 2545 1651 dotibus

1485 1678 1689 1723 constet
1711 1688 1772 1722 ac
1810 1674 2077 1737 subsistat,
2114 1675 2283 1725 disces
2308 1690 2373 1725 ex
2406 1676 2544 1739 prin-

1485 1748 1605 1811 cipe
1622 1748 1931 1813 eloquentius
1952 1749 2143 1813 Tullio,
2163 1758 2298 1800 orat.
2320 1750 2545 1815 prolege

1487 1822 1673 1875 Manil.
1727 1824 1881 1875 ‘Non
1929 1825 2067 1873 enim
2112 1826 2273 1874 solum
2316 1824 2545 1873 bellandi

1488 1900 1649 1950 virtus
1670 1901 1724 1949 in
1740 1916 1934 1950 summo
1952 1907 2105 1965 atque
2130 1899 2365 1965 perfecto
2389 1896 2549 1964 impe·

1489 1983 1665 2027 ratore
1689 1976 1967 2043 quaerenda
1997 1983 2101 2041 est,
2121 1976 2211 2027 sed
2232 1978 2407 2026 muitae
2430 1982 2551 2029 sunt

1491 2061 1665 2119 partes
1698 2054 1900 2104 eximiae
1936 2052 2090 2117 hujus
2126 2050 2439 2102 administrae
2463 2066 2549 2103 co-

1488 2130 1747 2193 mitesque
1772 2128 2017 2179 virtutis!
2072 2128 2306 2179 ibidem:
2337 2128 2547 2181 ‘Quan-

1489 2212 1546 2256 ta
1579 2205 1878 2255 innocentia
1900 2204 2095 2255 debent
2128 2218 2237 2253 esse
2272 2206 2549 2267 imperato·

1490 2297 1592 2347 res,
1613 2289 1806 2347 quauta
1829 2281 2061 2331 omnibus
2082 2280 2134 2330 in
2172 2281 2329 2330 rebus
2355 2287 2550 2345 tempe·

1489 2358 1675 2419 tantia,
1706 2363 1902 2422 quanta
1934 2356 2060 2419 fide,
2099 2364 2289 2422 quanta
2320 2356 2551 2406 humani-

1490 2432 1641 2483 tatel’
1708 2434 1779 2481 Et
1824 2432 1957 2482 inter
2002 2433 2095 2481 has
2139 2431 2358 2482 virtutes
2401 2439 2549 2481 certe

1488 2525 1688 2560 summa
1741 2516 1796 2559 et
1852 2509 2116 2572 precipua
2168 2514 2251 2557 est
2304 2506 2554 2558 felicitas.

1487 2586 1638 2636 Idem
1680 2585 1877 2637 Tullius
1922 2584 2050 2634 ibid.
2137 2584 2270 2633 Sunt
2321 2584 2337 2611 ‘
2363 2583 2551 2648 quibus

1489 2662 1643 2712 etiam
1666 2662 1807 2711 venti
1835 2667 2272 2725 tempestatesque
2302 2660 2553 2709 obsecun-

1742 2740 1813 2786 Et
1866 2751 2003 2799 mox,
2054 2736 2323 2785 ‘existimo
2377 2734 2551 2797 [olim]

1489 2812 1743 2874 Maximo,
1776 2811 2055 2869 Marcello,
2088 2810 2341 2873 Scipioni,
2362 2810 2555 2873 Mario,

1490 2894 1547 2937 et
1565 2888 1757 2937 ceteris
1776 2886 1976 2949 magnis
1999 2885 2417 2949 imperatoribus,
2446 2900 2552 2937 non

1492 2963 1655 3013 solum
1700 2968 1919 3025 propter
1954 2962 2217 3021 virtutem,
2257 2959 2350 3010 sed
2393 2962 2551 3010 etiam

1495 3043 1713 3101 propter
1765 3033 2025 3085 fortunam
2080 3035 2267 3096 saepius
2334 3035 2554 3099 imperia

1493 3112 1740 3162 mandata
1778 3117 1936 3175 utque
1970 3110 2251 3173 exercitus,
2269 3124 2381 3158 esse
2415 3124 2555 3159 com·

1492 3188 1859 3251 missos....[itis
1912 3183 2003 3249 ad]
2056 3184 2444 3249 amplitudinem
2499 3191 2555 3237 et

1495 3267 1731 3331 gloriam,
1754 3272 1811 3315 et
1832 3266 1895 3313 ad
1936 3279 2019 3314 res
2052 3278 2263 3327 magnas
2297 3262 2430 3312 bene
2466 3278 2555 3327 ge·

1495 3342 1679 3393 tendas
1733 3342 1977 3391 divinitus
2017 3339 2264 3403 adjuncta
2306 3338 2555 3391 fortuna!

1495 3421 1630 3467 Sunt
1662 3416 1837 3465 eximii
1874 3415 2078 3480 quidam
2103 3416 2217 3475 viri,
2254 3414 2437 3479 quibus
2474 3412 2555 3464 vel

1496 3496 1512 3523 ‘
1532 3492 1911 3543 dormientibus
1930 3492 2014 3541 Dii
2038 3492 2205 3540 omnia
2226 3490 2508 3541 conficiunt
2524 3494 2555 3540 ε’

1495 3572 1713 3620 Terent.
1736 3566 1891 3617 Adel.
1948 3568 2097 3627 Sunt,
2120 3566 2208 3630 qui
2242 3568 2258 3595 ‘
2280 3566 2377 3615 reti
2401 3567 2555 3616 urbes
2622 3622 2627 3629 ‚

1497 3644 1744 3710 capiunt,’
1771 3645 1908 3693 inter
1930 3644 2113 3706 adagia
2136 3642 2417 3693 Plutarchi.
2484 3642 2557 3693 Et

1495 3722 1512 3751 ⁶
1533 3722 1584 3770 in
1608 3721 1773 3771 sinum
1797 3720 1859 3767 iis
1898 3717 1963 3766 de
1997 3720 2129 3767 coe10
2153 3718 2369 3767 victoria
2406 3716 2567 3773 devm,

1493 3798 1601 3847 lat!
1666 3796 1840 3847 Livius
1872 3798 2031 3845 Lvu.
2096 3796 2199 3844 Sed
2242 3802 2297 3843 et
2335 3796 2558 3858 plerum-

1496 3889 1598 3938 que
1637 3888 1737 3922 non
1770 3873 1920 3923 deest
1956 3871 2179 3933 fortuna,
2202 3871 2385 3932 quibus
2408 3871 2556 3919 adest

1494 3950 1661 3999 virtus
1701 3947 2044 4013 imperatoria.
2079 3952 2093 3975 ‘
2115 3948 2346 3997 Fortuna
2387 3944 2555 3996 fortes

1495 4026 1701 4087 metuit,
1724 4027 1931 4089 ignavos
1954 4024 2180 4089 premit!
2228 4024 2347 4072 Sen.
2369 4022 2521 4086 Trag.

1558 4106 1574 4135 ¹
1610 4102 1835 4165 Quodque
1854 4118 1991 4151 soevae
2007 4100 2310 4161 cogitationis
2328 4100 2557 4149 indicium

1495 4184 1809 4241 eraque-reto
1824 4194 1907 4227 suo
1922 4176 2149 4237 satiatus]
2199 4176 2358 4225 Certe
2379 4175 2432 4224 id
2455 4176 2555 4237 sig-

1497 4269 1623 4305 num
1664 4252 1768 4305 fuit
1803 4252 2019 4305 saevitiae
2059 4258 2116 4307 et
2156 4252 2279 4307 sltae
2322 4250 2569 4317 diraeque.
