3175 4934
533 351 708 420 3290

1240 363 1305 414 0.
1353 363 1548 413 CORN
1560 363 1715 411 Bul
1762 361 2019 413 ‘rAm‘rl

532 514 654 578 ris5
685 485 1191 576 robustioribush
1219 525 1302 571 ac
1319 507 1462 590 jam
1491 506 1744 588 pridem
1760 506 2059 588 probatis
2082 510 2513 588 aggregantur
2522 503 2571 571 :⁶
2610 525 2735 570 nec

534 615 784 690 rubor‚⁷
835 612 1002 675 inter
1049 610 1324 674 comites
1373 610 1610 691 aspici.

1701 607 1972 671 Gradus
2024 611 2183 691 quin
2226 611 2427 672 etiam
2468 615 2537 672 et
2586 609 2735 692 ipse

537 717 886 780 comitatus
922 712 1142 788 habet,
1185 709 1445 794 judicio
1493 703 1683 792 ejus)
1710 727 1905 790 quem
1954 715 2317 774 sectantur:
2362 729 2737 795 magnaque

527 880 782 943 juvenibus
821 878 1114 928 attribuunt.-
1164 875 1332 926 ceteris
1365 873 1687 934 celuim-ibus,
1723 880 1771 924 et
1790 875 1873 938 qui
1897 873 2005 934 jam
2029 875 2213 938 pridem
2249 876 2435 924 milities
2472 875 2741 926 tirocinium

534 959 742 1007 posuere,
762 945 1110 1006 adjunguntur.-
1143 955 1228 990 nec
1245 942 1411 1004 pudor,
1431 939 1565 988 inter
1597 939 1744 987 socios
1773 940 1994 1002 spectari.
2062 940 2338 995 Quinetiam
2359 947 2405 990 ct
2429 941 2527 1002 ipse
2547 942 2741 989 comita·

538 1015 617 1058 tus
636 1009 773 1058 habet
797 1015 967 1058 certos
984 1008 1164 1069 gradus
1182 1005 1302 1067 loci,
1327 1018 1418 1053 seu
1437 1004 1760 1067 dignationis,
1776 1004 1976 1053 arbitrio
1993 1004 2106 1068 qius,
2126 1020 2257 1068 quem
2276 1010 2554 1068 sequuntur.-
2575 1005 2743 1066 ingens

1465 1137 1611 1161 &om
1616 1138 1821 1158 OOOOOO

607 1241 637 1284 5
691 1235 782 1284 Sic
817 1234 944 1282 Μαι.
983 1238 1040 1281 et
1080 1231 1196 1281 libri
1245 1231 1392 1280 editi.

1459 1229 1655 1280 Contra
1698 1244 1823 1278 vero
1878 1231 2103 1294 Lipsius,
2162 1233 2558 1294 Freinshemius,
2608 1234 2747 1284 Con·

543 1300 737 1364 ringius
760 1305 814 1348 et
837 1299 1103 1357 Ernestus,
1143 1295 1267 1344 vitio
1303 1294 1627 1344 librariorum
1672 1295 1837 1344 locum
1869 1295 2100 1346 luxatum
2138 1304 2344 1359 putant,
2378 1304 2434 1346 et
2466 1297 2749 1361 corrigunt,

545 1363 710 1424 ceteri,
765 1361 900 1428 quod
957 1369 1013 1410 et
1067 1360 1256 1425 probat
1309 1359 1536 1408 Brotier.
1602 1358 1707 1407 Sed
1746 1359 1798 1407 in
1854 1359 1969 1409 loco
2022 1361 2116 1410 hoc
2172 1361 2346 1410 Taciti
2400 1360 2570 1411 malim
2626 1377 2747 1412 cum

543 1428 754 1492 Bipont.
803 1426 1081 1477 restituere
1120 1424 1305 1485 ceteris,
1363 1423 1498 1488 quod
1546 1428 1605 1470 et
1650 1422 1857 1472 codices
1909 1429 1965 1472 et
2009 1425 2267 1475 editiones
2318 1431 2522 1475 veteres
2569 1429 2747 1476 omnes

543 1492 810 1542 exhibent.
895 1489 1139 1552 Dignatio
1195 1487 1455 1550 Principis
1509 1501 1617 1535 nou
1658 1487 1794 1549 ipsos
1844 1489 2018 1536 statim
2064 1489 2476 1540 adolescentulus
2516 1488 2749 1541 faciebat

540 1557 842 1619 Principes,
879 1553 972 1604 sed
1011 1553 1284 1616 Principes
1329 1551 1529 1615 pridem
1567 1549 1813 1614 probatos
1844 1553 2199 1617 sequebantur
2236 1556 2302 1604 sd
2336 1555 2507 1603 munis
2538 1555 2749 1616 bellica,

551 1620 810 1672 ωσι-6
843 1618 909 1668 In
949 1625 1127 1668 vetere
1167 1617 1304 1666 libro
1349 1615 1490 1678 apud
1533 1615 1785 1680 Lipsium,
1824 1623 2209 1678 aggregata—⁷
2259 1619 2448 1669 Mallet
2485 1619 2753 1683 Ernestus,

1541 1743 1759 1794 NOTAE

611 1865 636 1898 ἱ·
661 1866 843 1916 Ceteris
857 1863 1214 1928 robustioribus]
1238 1863 1485 1914 Pendent
1500 1863 1615 1912 baec

550 1957 581 1991 e
618 1941 988 2006 superioribus,
1024 1955 1086 1990 sc
1121 1939 1376 2004 ejusmodi
1409 1945 1613 1988 senten-

549 2018 672 2067 tiam
716 2019 1013 2082 postulant:
1064 2017 1203 2082 quod
1244 2015 1484 2066 nobilitas
1523 2017 1616 2064 ills

549 2100 607 2142 et
639 2107 826 2157 magns
865 2099 1072 2156 petrum
1103 2092 1289 2142 merita
1325 2092 1441 2140 illos
1494 2089 1615 2139 edo-

549 2169 860 2220 lescentulos
907 2169 1093 2217 ceteris
1148 2167 1378 2230 probatis
1431 2181 1613 2229 eggre-

551 2251 694 2307 gent.
761 2245 850 2291 De
893 2240 1216 2306 principibus
1260 2241 1426 2290 sdbuc
1469 2241 1611 2306 loqui

549 2319 811 2380 Tacitum,
847 2319 936 2368 ills
959 2317 1120 2367 verbs
1159 2318 1330 2380 palem
1352 2323 1609 2380 srguunt:

550 2397 565 2421 ‘
603 2395 720 2444 Nec
764 2394 922 2443 rubor
967 2393 1104 2442 inter
1147 2393 1366 2442 comites
1419 2391 1615 2455 aspici?

555 2473 764 2521 Celei-us.

622 2547 828 2612 Ceteris]
860 2544 966 2596 Alii
989 2549 1190 2611 legunt,
1213 2547 1358 2596 ceteri
1369 2561 1388 2603 ,²
1435 2547 1618 2611 sicque

555 2622 610 2672 id
667 2623 939 2674 discrimen
993 2623 1129 2672 foret
1185 2623 1324 2671 inter
1381 2623 1618 2685 juniores

553 2698 818 2762 principes
861 2705 918 2748 et
943 2699 1165 2762 juvenes
1203 2698 1454 2760 plebeios,
1479 2697 1619 2762 quod

553 2774 606 2823 bi
641 2774 696 2822 in
717 2775 978 2838 principes
1009 2775 1158 2824 asciti
1181 2788 1367 2839 nuper,
1389 2773 1621 2837 quamvis

543 2849 784 2914 juvenes,
806 2851 1055 2900 heberent
1075 2857 1246 2900 tamen
1277 2850 1452 2900 statim
1473 2863 1621 2899 suum

557 2929 860 2979 comitatum
901 2929 966 2978 ab
1003 2928 1116 2978 aliis
1155 2927 1479 2990 distinctum,
1521 2939 1623 2978 nec

557 3005 694 3056 inter
737 3007 952 3055 comites
993 3006 1093 3070 ipsi
1137 3012 1507 3065 censerentur;
1565 3011 1623 3053 st

557 3080 646 3130 alii
669 3097 700 3131 e
724 3084 875 3144 vulgo
891 3084 1118 3145 juvenes
1139 3081 1415 3130 comitibus
1439 3080 1621 3128 robus-

557 3155 776 3206 tioribus
821 3161 1247 3218 aggregarentur,
1283 3163 1345 3205 ut
1389 3156 1621 3218 discipli-

557 3245 676 3280 nsm
701 3231 767 3280 ab
789 3232 890 3281 illis
923 3239 1206 3296 ceteraque
1225 3229 1392 3278 officis
1415 3231 1620 3292 accipe-

558 3312 696 3356 rent.
727 3307 830 3356 Sed
847 3312 994 3356 certe
1014 3305 1332 3354 verisimilius
1349 3310 1450 3364 est,
1462 3304 1621 3354 etism

556 3382 674 3432 illos
713 3382 1145 3443 adolescentulos,
1165 3381 1396 3445 quamvis
1433 3381 1623 3444 princi-

563 3458 644 3524 pis
687 3459 1039 3522 dignationem
1073 3459 1320 3520 habeant,
1343 3459 1501 3508 etism
1539 3473 1625 3521 ag·

561 3535 767 3599 gregori
787 3535 1130 3584 robustioribus
1145 3535 1436 3597 comitibus,
1451 3543 1510 3585 ut
1531 3535 1625 3584 tui-

561 3611 686 3660 litiae
725 3617 782 3659 et
819 3611 931 3659 eliis
953 3611 1139 3660 muniis
1175 3610 1271 3660 snb
1307 3611 1497 3661 talibus
1519 3625 1628 3660 me·

563 3686 739 3750 gistris
757 3688 1057 3736 imbuantur
1071 3697 1130 3736 et
1144 3687 1396 3737 assuefisn
1403 3696 1442 3750 t,
1459 3696 1517 3738 nt
1531 3689 1621 3753 qni

563 3770 803 3811 recenter
857 3763 1124 3812 induerint
1174 3777 1330 3813 srmu.
1415 3763 1485 3812 Et
1529 3778 1623 3813 cur

563 3837 777 3888 Tacitus
817 3839 1037 3898 diceret,
1091 3839 1108 3866 ‘
1139 3853 1238 3888 nec
1285 3839 1443 3888 rubor
1485 3840 1625 3889 inter

562 3913 776 3964 comites
811 3913 1013 3976 espici‚'
1053 3913 1150 3962 nisi
1197 3914 1510 3976 intelligeret
1553 3913 1621 3964 de

561 3991 900 4043 nobiiioribus
937 3992 1076 4040 hisce
1113 3999 1171 4040 et
1203 3992 1348 4040 novis
1381 3992 1625 4056 principi-

564 4069 692 4117 bus?
724 4069 860 4118 Nem
875 4067 1044 4118 nullus
1063 4065 1210 4115 rubor
1225 4066 1358 4128 eliis,
1375 4068 1462 4132 qni
1483 4068 1628 4131 igno-

566 4143 798 4212 biliores,
815 4144 952 4196 inter
988 4142 1206 4197 comites
1231 4155 1440 4202 nerem
1471 4143 1626 4194 immo

1694 1863 1851 1912 decus
1875 1871 1932 1914 et
1954 1865 2217 1914 aemulatio
2234 1863 2355 1914 fuit.
2422 1865 2492 1914 Et
2525 1863 2645 1929 quid
2678 1864 2755 1914 in·

1693 1940 1946 1990 commodi
1980 1948 2082 2003 est,
2110 1943 2349 2006 juvenes,
2366 1941 2494 1990 licet
2536 1940 2756 2004 nobiles,

1695 2022 1875 2081 tegere
1898 2020 2053 2079 letus,
2077 2021 2159 2068 vel
2195 2020 2443 2084 parentis,
2462 2019 2545 2066 vel
2568 2017 2755 2082 princi-

1696 2093 1795 2156 pis,
1840 2094 2004 2143 donec
2047 2095 2285 2144 bellicam
2332 2097 2540 2159 penitus
2586 2101 2752 2143 artem

1694 2169 2007 2219 didicerint?
2042 2171 2195 2219 immo
2236 2171 2363 2220 utile
2398 2179 2452 2218 et
2482 2172 2755 2220 honestum

1691 2242 1793 2292 fuit
1836 2246 1889 2292 in
1938 2245 2277 2294 contubernio
2334 2246 2757 2310 praestantiorum

1696 2321 1880 2370 ducum
1921 2321 2152 2370 assiduos
2190 2335 2322 2384 esse,
2346 2321 2483 2386 quod
2512 2323 2757 2372 Romanis

1694 2395 1919 2446 feliciter
1937 2411 1997 2444 sc
2020 2397 2285 2460 sapienter
2306 2404 2625 2461 usurpatum.
2658 2397 2761 2448 Po·

1696 2478 1803 2520 test
1842 2471 2061 2534 intelligi
2084 2470 2150 2520 de
2182 2473 2431 2522 universis
2458 2473 2761 2538 juvenibus,

1696 2547 1835 2611 quod
1870 2549 2065 2597 ceteris
2100 2547 2471 2598 robustioribus
2510 2564 2759 2615 aggrege-

1700 2631 1903 2684 rentnr;
1938 2623 2107 2671 sedin
2139 2623 2229 2672 illo
2253 2625 2507 2688 juvenum
2546 2641 2763 2677 numero

1700 2701 1855 2750 etism
1894 2699 1993 2762 ipsi
2030 2699 2309 2748 nobiliores
2346 2715 2435 2748 seu
2468 2703 2588 2750 novi
2623 2703 2765 2767 prin-

1700 2777 1845 2840 cipes
1858 2775 2056 2825 censeri
2074 2782 2307 2840 possunt,
2323 2776 2505 2840 quibus
2518 2789 2603 2824 seo
2622 2777 2765 2825 rubor

1701 2853 1862 2904 etism
1881 2853 2007 2902 inter
2034 2853 2228 2902 comites
2245 2853 2411 2917 «qvid,
2436 2852 2600 2902 donec
2624 2853 2762 2902 rudi-

1702 2939 1879 2982 menta
1900 2932 2020 2982 belli
2044 2933 2418 2998 deposuissent.

1771 3011 1955 3059 Ceteris
1994 3011 2357 3075 robustioribus]
2411 3009 2475 3058 Id
2530 3009 2765 3073 intellige

1702 3086 1982 3136 universim
2016 3088 2083 3134 de
2111 3087 2394 3148 ,iuvenibus
2432 3099 2613 3134 recens
2648 3099 2766 3148 pro·

1702 3161 1857 3220 betis,
1880 3167 1935 3210 et
1958 3175 2123 3222 nuper
2154 3161 2204 3208 in
2242 3161 2474 3209 militiam
2510 3161 2766 3225 ascriptis,

1701 3236 1787 3298 qui
1807 3235 2027 3297 juvenes
2050 3236 2168 3283 novi
2188 3242 2246 3284 et
2266 3237 2460 3284 tirones
2482 3250 2766 3300 aggregen-

1704 3315 1789 3358 tur
1808 3309 1921 3358 eliis
1962 3310 2339 3359 robustioribus
2370 3319 2429 3360 et
2464 3311 2549 3360 diu
2580 3310 2765 3374 proba-¹

1703 3383 1791 3446 tis,
1830 3399 1916 3435 nec
1950 3385 2111 3447 rubor,
2150 3401 2253 3435 non
2292 3397 2462 3436 sutem
2486 3387 2553 3437 de
2576 3387 2767 3451 princi-

1705 3459 1855 3522 pibus
1884 3461 1993 3524 jam
2032 3463 2233 3524 electis,
2262 3463 2350 3526 qui
2384 3477 2485 3512 non
2520 3477 2769 3527 aggrege-

1704 3543 1883 3587 rentur
1904 3537 2035 3598 aliis,
2074 3537 2229 3588 immo
2268 3539 2355 3586 elii
2400 3539 2523 3601 ipsis
2546 3538 2766 3588 comites

1704 3611 2049 3676 adjicientum
2088 3613 2271 3676 quibus
2301 3613 2604 3676 jun-nibus,
2639 3613 2767 3664 licet

1704 3689 1975 3752 nobilibus,
1996 3691 2165 3738 nullus
2188 3689 2360 3746 rubor,
2394 3689 2529 3738 inter
2548 3689 2767 3740 comites

1708 3766 1959 3830 principis
1980 3765 2159 3828 aspici.
2224 3765 2420 3813 Temen
2446 3767 2521 3813 its
2543 3770 2770 3827 vertunt,

1704 3842 1848 3906 quasi
1872 3839 1945 3888 ilii
1976 3840 2194 3903 juvenes
2230 3839 2279 3888 in
2322 3841 2579 3901 principes
2610 3839 2768 3891 electi

1706 3923 2114 3980 aggregarentur
2150 3915 2344 3964 ceteris
2392 3915 2767 3965 robustioribus

1705 4003 1759 4043 et
1798 3993 1885 4042 diu
1922 3992 2171 4054 probetis,
2190 3991 2379 4055 quibus
2396 4005 2481 4041 nee
2498 3991 2659 4056 rubor,
2683 3993 2767 4055 ξε.

1705 4069 1842 4135 quod
1866 4069 2036 4116 verius
2056 4076 2202 4131 puto.

1769 4144 1785 4178 ¹
1850 4141 2044 4194 Gradus
2068 4173 2171 4196 ..n
2191 4142 2350 4209 habet,
2406 4141 2591 4206 ,facte-‘o
2643 4136 2765 4208 ἠν]
