<?xml version="1.0" encoding="UTF-8"?>
<!DOCTYPE html PUBLIC "-//W3C//DTD XHTML 1.0 Transitional//EN"
    "http://www.w3.org/TR/xhtml1/DTD/xhtml1-transitional.dtd">
<html xmlns="http://www.w3.org/1999/xhtml" xml:lang="en" lang="en">
 <head>
  <title>
</title>
<meta http-equiv="Content-Type" content="text/html;charset=utf-8" />
  <meta name='ocr-system' content='tesseract 3.04.00' />
  <meta name='ocr-capabilities' content='ocr_page ocr_carea ocr_par ocr_line ocrx_word'/>
</head>
<body>
  <div class='ocr_page' id='page_1' title='image "./operaomnia11tacigoog/operaomnia11tacigoog_0080.png"; bbox 0 0 3175 4934; ppageno 0'>
   <div class='ocr_carea' id='block_1_1' title="bbox 1286 413 2066 464">
    <p class='ocr_par' dir='ltr' id='par_1_1' title="bbox 1286 413 2066 464">
     <span class='ocr_line' id='line_1_1' title="bbox 1286 413 2066 464; baseline 0.001 -2"><span class='ocrx_word' id='word_1_1' title='bbox 1286 413 1347 464; x_wconf 81' lang='lat'><strong>0.</strong></span> <span class='ocrx_word' id='word_1_2' title='bbox 1391 413 1590 464; x_wconf 59' lang='lat' dir='ltr'><strong>com&lt;</strong></span> <span class='ocrx_word' id='word_1_3' title='bbox 1602 413 1763 464; x_wconf 66' lang='lat' dir='ltr'><strong>Eleu</strong></span> <span class='ocrx_word' id='word_1_4' title='bbox 1811 413 2066 464; x_wconf 71' lang='lat' dir='ltr'><strong>&#39;merri</strong></span> 
     </span>
    </p>
   </div>
   <div class='ocr_carea' id='block_1_2' title="bbox 561 555 2772 844">
    <p class='ocr_par' dir='ltr' id='par_1_2' title="bbox 561 555 2772 844">
     <span class='ocr_line' id='line_1_2' title="bbox 561 555 2768 652; baseline 0.001 -28"><span class='ocrx_word' id='word_1_5' title='bbox 561 559 770 624; x_wconf 81' lang='lat' dir='ltr'><strong>multo</strong></span> <span class='ocrx_word' id='word_1_6' title='bbox 799 557 1064 640; x_wconf 81' lang='lat' dir='ltr'><strong>insuper</strong></span> <span class='ocrx_word' id='word_1_7' title='bbox 1091 555 1249 620; x_wconf 85' lang='lat' dir='ltr'><strong>fimo</strong></span> <span class='ocrx_word' id='word_1_8' title='bbox 1293 561 1621 636; x_wconf 82' lang='lat' dir='ltr'><strong>onerant,⁴</strong></span> <span class='ocrx_word' id='word_1_9' title='bbox 1672 555 2028 641; x_wconf 80' lang='lat' dir='ltr'><strong>suffugium</strong></span> <span class='ocrx_word' id='word_1_10' title='bbox 2058 557 2315 644; x_wconf 79' lang='lat' dir='ltr'><strong>hyemi¹⁸</strong></span> <span class='ocrx_word' id='word_1_11' title='bbox 2349 564 2419 624; x_wconf 87' lang='lat' dir='ltr'><strong>et</strong></span> <span class='ocrx_word' id='word_1_12' title='bbox 2462 563 2768 652; x_wconf 47' lang='lat' dir='ltr'><strong>recepta?</strong></span> 
     </span>
     <span class='ocr_line' id='line_1_3' title="bbox 561 657 2772 744; baseline 0 -18"><span class='ocrx_word' id='word_1_13' title='bbox 561 657 787 726; x_wconf 78' lang='lat' dir='ltr'><strong>culum</strong></span> <span class='ocrx_word' id='word_1_14' title='bbox 811 657 1112 741; x_wconf 78' lang='lat' dir='ltr'><strong>frugibus</strong></span> <span class='ocrx_word' id='word_1_15' title='bbox 1129 663 1177 723; x_wconf 84' lang='lat'><strong>:⁰</strong></span> <span class='ocrx_word' id='word_1_16' title='bbox 1225 657 1386 739; x_wconf 84' lang='lat' dir='ltr'><strong>quia</strong></span> <span class='ocrx_word' id='word_1_17' title='bbox 1411 658 1691 738; x_wconf 82' lang='lat' dir='ltr'><strong>rigorem</strong></span> <span class='ocrx_word' id='word_1_18' title='bbox 1718 657 2028 740; x_wconf 84' lang='lat' dir='ltr'>frigorum</span> <span class='ocrx_word' id='word_1_19' title='bbox 2054 659 2378 744; x_wconf 82' lang='lat' dir='ltr'><strong>ejusmodi</strong></span> <span class='ocrx_word' id='word_1_20' title='bbox 2408 661 2581 725; x_wconf 82' lang='lat' dir='ltr'><strong>locis</strong></span> <span class='ocrx_word' id='word_1_21' title='bbox 2607 661 2772 726; x_wconf 84' lang='lat' dir='ltr'><strong>mol-</strong></span> 
     </span>
     <span class='ocr_line' id='line_1_4' title="bbox 561 757 2771 844; baseline 0 -18"><span class='ocrx_word' id='word_1_22' title='bbox 561 761 769 826; x_wconf 86' lang='lat' dir='ltr'><strong>liunt:</strong></span> <span class='ocrx_word' id='word_1_23' title='bbox 813 766 901 838; x_wconf 87' lang='lat' dir='ltr'><strong>et,</strong></span> <span class='ocrx_word' id='word_1_24' title='bbox 931 760 990 824; x_wconf 88' lang='lat' dir='ltr'><strong>si</strong></span> <span class='ocrx_word' id='word_1_25' title='bbox 1019 757 1287 844; x_wconf 88' lang='lat' dir='ltr'><strong>quando</strong></span> <span class='ocrx_word' id='word_1_26' title='bbox 1313 757 1526 822; x_wconf 87' lang='lat' dir='ltr'><strong>hostis</strong></span> <span class='ocrx_word' id='word_1_27' title='bbox 1551 758 1840 837; x_wconf 80' lang='lat' dir='ltr'><strong>advenit,</strong></span> <span class='ocrx_word' id='word_1_28' title='bbox 1862 764 2089 842; x_wconf 85' lang='lat' dir='ltr'><strong>aperta</strong></span> <span class='ocrx_word' id='word_1_29' title='bbox 2106 760 2517 844; x_wconf 81' lang='lat' dir='ltr'><strong>populatur,⁵</strong></span> <span class='ocrx_word' id='word_1_30' title='bbox 2536 761 2771 826; x_wconf 79' lang='lat' dir='ltr'><strong>abdita</strong></span> 
     </span>
    </p>
   </div>
   <div class='ocr_carea' id='block_1_3' title="bbox 563 972 2779 1108">
    <p class='ocr_par' dir='ltr' id='par_1_3' title="bbox 563 972 2779 1108">
     <span class='ocr_line' id='line_1_5' title="bbox 564 972 2779 1049; baseline -0.004 -22"><span class='ocrx_word' id='word_1_31' title='bbox 564 991 729 1042; x_wconf 72' lang='grc' dir='ltr'>ουφιι</span> <span class='ocrx_word' id='word_1_32' title='bbox 746 974 948 1040; x_wconf 73' lang='lat' dir='ltr'><strong>plurim</strong></span> <span class='ocrx_word' id='word_1_33' title='bbox 963 975 1157 1036; x_wconf 75' lang='lat' dir='ltr'><strong>insuper</strong></span> <span class='ocrx_word' id='word_1_34' title='bbox 1177 978 1380 1023; x_wconf 76' lang='lat' dir='ltr'><strong>stercore</strong></span> <span class='ocrx_word' id='word_1_35' title='bbox 1399 973 1638 1036; x_wconf 67' lang='lat' dir='ltr'><strong>oper-iant,</strong></span> <span class='ocrx_word' id='word_1_36' title='bbox 1656 972 1912 1023; x_wconf 67' lang='lat' dir='ltr'><strong>subsidium</strong></span> <span class='ocrx_word' id='word_1_37' title='bbox 1932 972 2106 1038; x_wconf 71' lang='lat' dir='ltr'><strong>hyemi,</strong></span> <span class='ocrx_word' id='word_1_38' title='bbox 2125 977 2174 1022; x_wconf 75' lang='lat' dir='ltr'><strong>et</strong></span> <span class='ocrx_word' id='word_1_39' title='bbox 2188 974 2523 1049; x_wconf 64' lang='lat' dir='ltr'><strong>receptaculum</strong></span> <span class='ocrx_word' id='word_1_40' title='bbox 2543 987 2739 1048; x_wconf 52' lang='grc' dir='ltr'><strong>«μοις</strong></span> <span class='ocrx_word' id='word_1_41' title='bbox 2756 982 2779 1018; x_wconf 87' lang='grc'><strong>.·</strong></span> 
     </span>
     <span class='ocr_line' id='line_1_6' title="bbox 563 1037 2771 1108; baseline -0.003 -15"><span class='ocrx_word' id='word_1_42' title='bbox 563 1043 676 1108; x_wconf 68' lang='lat' dir='ltr'><strong>quia</strong></span> <span class='ocrx_word' id='word_1_43' title='bbox 709 1041 946 1091; x_wconf 57' lang='lat' dir='ltr'><strong>”citiam</strong></span> <span class='ocrx_word' id='word_1_44' title='bbox 969 1038 1180 1101; x_wconf 70' lang='lat' dir='ltr'><strong>frigoris</strong></span> <span class='ocrx_word' id='word_1_45' title='bbox 1213 1038 1438 1098; x_wconf 61' lang='lat' dir='ltr'><strong>eiusmodi</strong></span> <span class='ocrx_word' id='word_1_46' title='bbox 1467 1038 1691 1101; x_wconf 72' lang='lat' dir='ltr'><strong>specubus</strong></span> <span class='ocrx_word' id='word_1_47' title='bbox 1724 1038 1937 1088; x_wconf 58' lang='lat' dir='ltr'><strong>mat.-</strong></span> <span class='ocrx_word' id='word_1_48' title='bbox 1989 1043 2057 1102; x_wconf 78' lang='lat' dir='ltr'><strong>et,</strong></span> <span class='ocrx_word' id='word_1_49' title='bbox 2088 1051 2132 1086; x_wconf 75' lang='grc' dir='ltr'><strong>ει</strong></span> <span class='ocrx_word' id='word_1_50' title='bbox 2168 1039 2353 1102; x_wconf 70' lang='lat' dir='ltr'><strong>quando</strong></span> <span class='ocrx_word' id='word_1_51' title='bbox 2383 1037 2533 1088; x_wconf 66' lang='lat' dir='ltr'><strong>hosen</strong></span> <span class='ocrx_word' id='word_1_52' title='bbox 2562 1040 2771 1100; x_wconf 62' lang='lat' dir='ltr'><strong>nauum,</strong></span> 
     </span>
    </p>
   </div>
   <div class='ocr_carea' id='block_1_4' title="bbox 1488 1187 1669 1207">
    <p class='ocr_par' dir='ltr' id='par_1_4' title="bbox 1488 1187 1669 1207">
     <span class='ocr_line' id='line_1_7' title="bbox 1488 1187 1669 1207; baseline -0.006 0"><span class='ocrx_word' id='word_1_53' title='bbox 1488 1187 1669 1207; x_wconf 61' lang='lat' dir='ltr'><strong>“mo</strong></span> 
     </span>
    </p>
   </div>
   <div class='ocr_carea' id='block_1_5' title="bbox 1672 1188 1849 1210">
    <p class='ocr_par' dir='ltr' id='par_1_5' title="bbox 1672 1188 1849 1210">
     <span class='ocr_line' id='line_1_8' title="bbox 1672 1188 1849 1210; baseline 0 -2"><span class='ocrx_word' id='word_1_54' title='bbox 1672 1188 1849 1210; x_wconf 60' lang='lat' dir='ltr'><strong>”om</strong></span> 
     </span>
    </p>
   </div>
   <div class='ocr_carea' id='block_1_6' title="bbox 568 1289 2773 1425">
    <p class='ocr_par' dir='ltr' id='par_1_6' title="bbox 568 1289 2773 1425">
     <span class='ocr_line' id='line_1_9' title="bbox 629 1289 2773 1358; baseline -0.002 -11"><span class='ocrx_word' id='word_1_55' title='bbox 629 1302 663 1347; x_wconf 79' lang='lat'><strong>4</strong></span> <span class='ocrx_word' id='word_1_56' title='bbox 695 1296 760 1346; x_wconf 86' lang='lat' dir='ltr'><strong>In</strong></span> <span class='ocrx_word' id='word_1_57' title='bbox 793 1295 925 1345; x_wconf 81' lang='lat' dir='ltr'><strong>Msa.</strong></span> <span class='ocrx_word' id='word_1_58' title='bbox 963 1292 1241 1356; x_wconf 78' lang='lat' dir='ltr'><strong>Bamberg.</strong></span> <span class='ocrx_word' id='word_1_59' title='bbox 1279 1298 1335 1342; x_wconf 89' lang='lat' dir='ltr'><strong>et</strong></span> <span class='ocrx_word' id='word_1_60' title='bbox 1373 1289 1628 1343; x_wconf 82' lang='lat' dir='ltr'><strong>Arundel.</strong></span> <span class='ocrx_word' id='word_1_61' title='bbox 1696 1293 1836 1342; x_wconf 79' lang='lat' dir='ltr'><strong>Fimo</strong></span> <span class='ocrx_word' id='word_1_62' title='bbox 1867 1295 2100 1358; x_wconf 73' lang='lat' dir='ltr'><strong>operiunt.</strong></span> <span class='ocrx_word' id='word_1_63' title='bbox 2164 1293 2286 1343; x_wconf 88' lang='lat' dir='ltr'><strong>Non</strong></span> <span class='ocrx_word' id='word_1_64' title='bbox 2324 1293 2400 1343; x_wconf 90' lang='lat' dir='ltr'><strong>ita</strong></span> <span class='ocrx_word' id='word_1_65' title='bbox 2432 1293 2598 1352; x_wconf 87' lang='lat' dir='ltr'><strong>bene;</strong></span> <span class='ocrx_word' id='word_1_66' title='bbox 2651 1307 2773 1342; x_wconf 88' lang='lat' dir='ltr'><strong>cum</strong></span> 
     </span>
     <span class='ocr_line' id='line_1_10' title="bbox 568 1357 2773 1425; baseline -0.002 -15"><span class='ocrx_word' id='word_1_67' title='bbox 568 1375 727 1425; x_wconf 85' lang='lat' dir='ltr'><strong>supra</strong></span> <span class='ocrx_word' id='word_1_68' title='bbox 742 1366 1046 1422; x_wconf 83' lang='lat' dir='ltr'><strong>usurpatum</strong></span> <span class='ocrx_word' id='word_1_69' title='bbox 1067 1357 1153 1421; x_wconf 80' lang='lat' dir='ltr'><strong>ait,</strong></span> <span class='ocrx_word' id='word_1_70' title='bbox 1173 1359 1374 1422; x_wconf 77' lang='lat' dir='ltr'><strong>aperire.</strong></span> <span class='ocrx_word' id='word_1_71' title='bbox 1440 1358 1763 1408; x_wconf 79' lang='lat' dir='ltr'><strong>Brotier.-·5</strong></span> <span class='ocrx_word' id='word_1_72' title='bbox 1797 1358 1861 1407; x_wconf 88' lang='lat' dir='ltr'><strong>Iu</strong></span> <span class='ocrx_word' id='word_1_73' title='bbox 1886 1359 1985 1408; x_wconf 82' lang='lat' dir='ltr'><strong>Ma.</strong></span> <span class='ocrx_word' id='word_1_74' title='bbox 2008 1357 2181 1407; x_wconf 86' lang='lat' dir='ltr'><strong>Vatic.</strong></span> <span class='ocrx_word' id='word_1_75' title='bbox 2199 1360 2344 1407; x_wconf 77' lang='lat'><strong>2964.</strong></span> <span class='ocrx_word' id='word_1_76' title='bbox 2363 1363 2421 1407; x_wconf 89' lang='lat' dir='ltr'><strong>et</strong></span> <span class='ocrx_word' id='word_1_77' title='bbox 2441 1357 2570 1407; x_wconf 86' lang='lat' dir='ltr'><strong>Cod.</strong></span> <span class='ocrx_word' id='word_1_78' title='bbox 2592 1357 2773 1420; x_wconf 79' lang='lat' dir='ltr'><strong>Kapp.</strong></span> 
     </span>
    </p>
   </div>
   <div class='ocr_carea' id='block_1_7' title="bbox 567 1423 1032 1489">
    <p class='ocr_par' dir='ltr' id='par_1_7' title="bbox 567 1423 1032 1489">
     <span class='ocr_line' id='line_1_11' title="bbox 567 1423 1032 1489; baseline -0.002 -16"><span class='ocrx_word' id='word_1_79' title='bbox 567 1430 749 1489; x_wconf 73' lang='lat' dir='ltr'><strong>aperta</strong></span> <span class='ocrx_word' id='word_1_80' title='bbox 774 1423 1032 1488; x_wconf 77' lang='lat' dir='ltr'><strong>populatio.</strong></span> 
     </span>
    </p>
   </div>
   <div class='ocr_carea' id='block_1_8' title="bbox 1562 1557 1776 1608">
    <p class='ocr_par' dir='ltr' id='par_1_8' title="bbox 1562 1557 1776 1608">
     <span class='ocr_line' id='line_1_12' title="bbox 1562 1557 1776 1608; baseline 0 0"><span class='ocrx_word' id='word_1_81' title='bbox 1562 1558 1613 1608; x_wconf 78' lang='lat' dir='ltr'>N</span> <span class='ocrx_word' id='word_1_82' title='bbox 1620 1557 1776 1608; x_wconf 73' lang='lat' dir='ltr'><strong>01·AE</strong></span> 
     </span>
    </p>
   </div>
   <div class='ocr_carea' id='block_1_9' title="bbox 567 1678 1642 4303">
    <p class='ocr_par' dir='ltr' id='par_1_9' title="bbox 567 1678 1639 2938">
     <span class='ocr_line' id='line_1_13' title="bbox 569 1678 1639 1743; baseline -0.006 -11"><span class='ocrx_word' id='word_1_83' title='bbox 569 1681 796 1732; x_wconf 76' lang='lat' dir='ltr'><strong>caminos</strong></span> <span class='ocrx_word' id='word_1_84' title='bbox 828 1685 1050 1741; x_wconf 86' lang='lat' dir='ltr'><strong>tantum,</strong></span> <span class='ocrx_word' id='word_1_85' title='bbox 1085 1684 1142 1727; x_wconf 91' lang='lat' dir='ltr'><strong>nt</strong></span> <span class='ocrx_word' id='word_1_86' title='bbox 1181 1679 1320 1743; x_wconf 88' lang='lat' dir='ltr'><strong>apud</strong></span> <span class='ocrx_word' id='word_1_87' title='bbox 1366 1678 1544 1728; x_wconf 82' lang='lat' dir='ltr'><strong>Gallos</strong></span> <span class='ocrx_word' id='word_1_88' title='bbox 1583 1687 1639 1727; x_wconf 89' lang='lat' dir='ltr'><strong>et</strong></span> 
     </span>
     <span class='ocr_line' id='line_1_14' title="bbox 572 1755 1637 1808; baseline -0.003 -1"><span class='ocrx_word' id='word_1_89' title='bbox 572 1757 796 1808; x_wconf 67' lang='lat' dir='ltr'><strong>Lutetiae</strong></span> <span class='ocrx_word' id='word_1_90' title='bbox 833 1764 1001 1804; x_wconf 82' lang='lat' dir='ltr'><strong>erant.</strong></span> <span class='ocrx_word' id='word_1_91' title='bbox 1086 1756 1213 1803; x_wconf 84' lang='lat' dir='ltr'><strong>Tum</strong></span> <span class='ocrx_word' id='word_1_92' title='bbox 1245 1755 1471 1804; x_wconf 87' lang='lat' dir='ltr'><strong>caminus</strong></span> <span class='ocrx_word' id='word_1_93' title='bbox 1509 1755 1637 1804; x_wconf 85' lang='lat' dir='ltr'><strong>nibil</strong></span> 
     </span>
     <span class='ocr_line' id='line_1_15' title="bbox 571 1829 1637 1895; baseline -0.005 -11"><span class='ocrx_word' id='word_1_94' title='bbox 571 1833 714 1884; x_wconf 84' lang='lat' dir='ltr'><strong>aliud</strong></span> <span class='ocrx_word' id='word_1_95' title='bbox 753 1829 873 1894; x_wconf 78' lang='lat' dir='ltr'><strong>fuit,</strong></span> <span class='ocrx_word' id='word_1_96' title='bbox 907 1845 1062 1895; x_wconf 88' lang='lat' dir='ltr'><strong>quam</strong></span> <span class='ocrx_word' id='word_1_97' title='bbox 1104 1829 1335 1879; x_wconf 84' lang='lat' dir='ltr'><strong>foramen</strong></span> <span class='ocrx_word' id='word_1_98' title='bbox 1373 1831 1554 1893; x_wconf 79' lang='lat' dir='ltr'><strong>iugens</strong></span> <span class='ocrx_word' id='word_1_99' title='bbox 1581 1831 1637 1879; x_wconf 84' lang='lat' dir='ltr'><strong>in</strong></span> 
     </span>
     <span class='ocr_line' id='line_1_16' title="bbox 571 1906 1639 1972; baseline -0.005 -11"><span class='ocrx_word' id='word_1_100' title='bbox 571 1911 746 1961; x_wconf 85' lang='lat' dir='ltr'><strong>medio</strong></span> <span class='ocrx_word' id='word_1_101' title='bbox 783 1909 932 1971; x_wconf 86' lang='lat' dir='ltr'><strong>tecti,</strong></span> <span class='ocrx_word' id='word_1_102' title='bbox 967 1922 1059 1972; x_wconf 90' lang='lat' dir='ltr'><strong>per</strong></span> <span class='ocrx_word' id='word_1_103' title='bbox 1081 1907 1214 1972; x_wconf 88' lang='lat' dir='ltr'><strong>quod</strong></span> <span class='ocrx_word' id='word_1_104' title='bbox 1255 1907 1522 1956; x_wconf 73' lang='lat' dir='ltr'><strong>exhalaret</strong></span> <span class='ocrx_word' id='word_1_105' title='bbox 1557 1906 1639 1956; x_wconf 79' lang='lat' dir='ltr'><strong>fu·</strong></span> 
     </span>
     <span class='ocr_line' id='line_1_17' title="bbox 567 1981 1637 2049; baseline -0.003 -13"><span class='ocrx_word' id='word_1_106' title='bbox 567 2001 712 2045; x_wconf 60' lang='lat' dir='ltr'><strong>mun</strong></span> <span class='ocrx_word' id='word_1_107' title='bbox 748 1985 926 2049; x_wconf 83' lang='lat' dir='ltr'><strong>quales</strong></span> <span class='ocrx_word' id='word_1_108' title='bbox 946 1981 1202 2046; x_wconf 75' lang='lat' dir='ltr'>hodieque</span> <span class='ocrx_word' id='word_1_109' title='bbox 1233 1981 1495 2032; x_wconf 77' lang='lat' dir='ltr'><strong>videntur.</strong></span> <span class='ocrx_word' id='word_1_110' title='bbox 1563 1983 1637 2033; x_wconf 86' lang='lat' dir='ltr'><strong>Et</strong></span> 
     </span>
     <span class='ocr_line' id='line_1_18' title="bbox 569 2059 1635 2126; baseline -0.004 -14"><span class='ocrx_word' id='word_1_111' title='bbox 569 2064 766 2112; x_wconf 89' lang='lat' dir='ltr'><strong>nullum</strong></span> <span class='ocrx_word' id='word_1_112' title='bbox 789 2075 998 2126; x_wconf 80' lang='lat' dir='ltr'><strong>prorsus</strong></span> <span class='ocrx_word' id='word_1_113' title='bbox 1033 2060 1218 2108; x_wconf 83' lang='lat' dir='ltr'><strong>arsisse</strong></span> <span class='ocrx_word' id='word_1_114' title='bbox 1259 2061 1446 2122; x_wconf 80' lang='lat' dir='ltr'><strong>ignem,</strong></span> <span class='ocrx_word' id='word_1_115' title='bbox 1469 2059 1522 2108; x_wconf 88' lang='lat' dir='ltr'><strong>in</strong></span> <span class='ocrx_word' id='word_1_116' title='bbox 1547 2075 1635 2108; x_wconf 84' lang='lat' dir='ltr'><strong>cn·</strong></span> 
     </span>
     <span class='ocr_line' id='line_1_19' title="bbox 570 2134 1631 2198; baseline -0.004 -10"><span class='ocrx_word' id='word_1_117' title='bbox 570 2138 744 2188; x_wconf 86' lang='lat' dir='ltr'><strong>biculo</strong></span> <span class='ocrx_word' id='word_1_118' title='bbox 763 2136 982 2198; x_wconf 75' lang='lat' dir='ltr'><strong>Juliuni,</strong></span> <span class='ocrx_word' id='word_1_119' title='bbox 1006 2134 1144 2198; x_wconf 83' lang='lat' dir='ltr'><strong>apud</strong></span> <span class='ocrx_word' id='word_1_120' title='bbox 1186 2134 1466 2198; x_wconf 77' lang='lat' dir='ltr'><strong>Lutetiam,</strong></span> <span class='ocrx_word' id='word_1_121' title='bbox 1487 2136 1631 2184; x_wconf 82' lang='lat' dir='ltr'><strong>clare</strong></span> 
     </span>
     <span class='ocr_line' id='line_1_20' title="bbox 570 2208 1633 2277; baseline -0.004 -15"><span class='ocrx_word' id='word_1_122' title='bbox 570 2218 721 2277; x_wconf 86' lang='lat' dir='ltr'><strong>patet</strong></span> <span class='ocrx_word' id='word_1_123' title='bbox 752 2210 951 2273; x_wconf 81' lang='lat' dir='ltr'><strong>legenti</strong></span> <span class='ocrx_word' id='word_1_124' title='bbox 989 2224 1104 2258; x_wconf 86' lang='lat' dir='ltr'><strong>eam</strong></span> <span class='ocrx_word' id='word_1_125' title='bbox 1145 2209 1492 2258; x_wconf 83' lang='lat' dir='ltr'><strong>narrationem</strong></span> <span class='ocrx_word' id='word_1_126' title='bbox 1528 2208 1633 2258; x_wconf 90' lang='lat' dir='ltr'><strong>Im-</strong></span> 
     </span>
     <span class='ocr_line' id='line_1_21' title="bbox 571 2281 1635 2351; baseline -0.002 -17"><span class='ocrx_word' id='word_1_127' title='bbox 571 2285 847 2351; x_wconf 81' lang='lat' dir='ltr'><strong>peratoris.</strong></span> <span class='ocrx_word' id='word_1_128' title='bbox 911 2283 968 2333; x_wconf 80' lang='lat' dir='ltr'><strong>Si</strong></span> <span class='ocrx_word' id='word_1_129' title='bbox 989 2282 1117 2342; x_wconf 87' lang='lat' dir='ltr'><strong>tubi,</strong></span> <span class='ocrx_word' id='word_1_130' title='bbox 1137 2288 1229 2332; x_wconf 92' lang='lat' dir='ltr'><strong>aut</strong></span> <span class='ocrx_word' id='word_1_131' title='bbox 1249 2281 1635 2348; x_wconf 82' lang='lat' dir='ltr'><strong>qualiacumque</strong></span> 
     </span>
     <span class='ocr_line' id='line_1_22' title="bbox 569 2357 1637 2422; baseline -0.001 -11"><span class='ocrx_word' id='word_1_132' title='bbox 569 2361 714 2412; x_wconf 81' lang='lat' dir='ltr'><strong>calor</strong></span> <span class='ocrx_word' id='word_1_133' title='bbox 733 2359 1008 2422; x_wconf 82' lang='lat' dir='ltr'><strong>aspirasset</strong></span> <span class='ocrx_word' id='word_1_134' title='bbox 1035 2358 1070 2409; x_wconf 85' lang='lat' dir='ltr'>J</span> <span class='ocrx_word' id='word_1_135' title='bbox 1075 2357 1228 2407; x_wconf 84' lang='lat' dir='ltr'><strong>uliani</strong></span> <span class='ocrx_word' id='word_1_136' title='bbox 1250 2357 1511 2420; x_wconf 87' lang='lat' dir='ltr'><strong>cubiculo,</strong></span> <span class='ocrx_word' id='word_1_137' title='bbox 1532 2373 1637 2410; x_wconf 84' lang='lat' dir='ltr'><strong>non</strong></span> 
     </span>
     <span class='ocr_line' id='line_1_23' title="bbox 571 2433 1637 2499; baseline -0.004 -11"><span class='ocrx_word' id='word_1_138' title='bbox 571 2436 728 2499; x_wconf 85' lang='lat' dir='ltr'><strong>muri,</strong></span> <span class='ocrx_word' id='word_1_139' title='bbox 743 2449 846 2483; x_wconf 89' lang='lat' dir='ltr'><strong>nou</strong></span> <span class='ocrx_word' id='word_1_140' title='bbox 869 2434 1094 2496; x_wconf 77' lang='lat' dir='ltr'><strong>parietes</strong></span> <span class='ocrx_word' id='word_1_141' title='bbox 1115 2433 1339 2496; x_wconf 81' lang='lat' dir='ltr'><strong>maligno</strong></span> <span class='ocrx_word' id='word_1_142' title='bbox 1361 2433 1637 2498; x_wconf 72' lang='lat' dir='ltr'><strong>gelidoque</strong></span> 
     </span>
     <span class='ocr_line' id='line_1_24' title="bbox 568 2507 1639 2572; baseline -0.005 -10"><span class='ocrx_word' id='word_1_143' title='bbox 568 2514 786 2562; x_wconf 80' lang='lat' dir='ltr'><strong>humore</strong></span> <span class='ocrx_word' id='word_1_144' title='bbox 809 2507 1174 2570; x_wconf 74' lang='lat' dir='ltr'><strong>obriguisaent,</strong></span> <span class='ocrx_word' id='word_1_145' title='bbox 1208 2522 1312 2571; x_wconf 91' lang='lat' dir='ltr'><strong>quo</strong></span> <span class='ocrx_word' id='word_1_146' title='bbox 1347 2507 1456 2556; x_wconf 86' lang='lat' dir='ltr'><strong>fere</strong></span> <span class='ocrx_word' id='word_1_147' title='bbox 1478 2509 1639 2572; x_wconf 87' lang='lat' dir='ltr'><strong>periit</strong></span> 
     </span>
     <span class='ocr_line' id='line_1_25' title="bbox 569 2582 1635 2646; baseline -0.007 -7"><span class='ocrx_word' id='word_1_148' title='bbox 569 2587 808 2639; x_wconf 78' lang='lat' dir='ltr'><strong>Julianus</strong></span> <span class='ocrx_word' id='word_1_149' title='bbox 849 2589 1004 2634; x_wconf 88' lang='lat' dir='ltr'><strong>nocte</strong></span> <span class='ocrx_word' id='word_1_150' title='bbox 1041 2583 1132 2632; x_wconf 89' lang='lat' dir='ltr'><strong>illa</strong></span> <span class='ocrx_word' id='word_1_151' title='bbox 1185 2582 1324 2646; x_wconf 83' lang='lat' dir='ltr'><strong>apud</strong></span> <span class='ocrx_word' id='word_1_152' title='bbox 1377 2583 1635 2632; x_wconf 86' lang='lat' dir='ltr'><strong>Lutetiam</strong></span> 
     </span>
     <span class='ocr_line' id='line_1_26' title="bbox 572 2658 1637 2723; baseline -0.004 -11"><span class='ocrx_word' id='word_1_153' title='bbox 572 2662 922 2719; x_wconf 77' lang='lat' dir='ltr'><strong>Parisiornm3</strong></span> <span class='ocrx_word' id='word_1_154' title='bbox 970 2659 1081 2708; x_wconf 85' lang='lat' dir='ltr'><strong>scil.</strong></span> <span class='ocrx_word' id='word_1_155' title='bbox 1121 2659 1174 2708; x_wconf 88' lang='lat' dir='ltr'><strong>in</strong></span> <span class='ocrx_word' id='word_1_156' title='bbox 1193 2672 1254 2707; x_wconf 87' lang='lat' dir='ltr'><strong>ea</strong></span> <span class='ocrx_word' id='word_1_157' title='bbox 1275 2658 1462 2721; x_wconf 73' lang='lat' dir='ltr'><strong>insula,</strong></span> <span class='ocrx_word' id='word_1_158' title='bbox 1481 2673 1637 2723; x_wconf 85' lang='lat' dir='ltr'><strong>quam</strong></span> 
     </span>
     <span class='ocr_line' id='line_1_27' title="bbox 575 2734 1637 2798; baseline -0.005 -10"><span class='ocrx_word' id='word_1_159' title='bbox 575 2751 714 2787; x_wconf 83' lang='lat' dir='ltr'><strong>nunc</strong></span> <span class='ocrx_word' id='word_1_160' title='bbox 755 2734 1126 2798; x_wconf 82' lang='lat' dir='ltr'><strong>Delphinicam</strong></span> <span class='ocrx_word' id='word_1_161' title='bbox 1165 2747 1441 2794; x_wconf 76' lang='lat' dir='ltr'><strong>vocamus3</strong></span> <span class='ocrx_word' id='word_1_162' title='bbox 1481 2734 1556 2783; x_wconf 86' lang='lat' dir='ltr'><strong>ita</strong></span> <span class='ocrx_word' id='word_1_163' title='bbox 1577 2740 1637 2783; x_wconf 88' lang='lat' dir='ltr'><strong>ut</strong></span> 
     </span>
     <span class='ocr_line' id='line_1_28' title="bbox 575 2809 1637 2880; baseline -0.004 -18"><span class='ocrx_word' id='word_1_164' title='bbox 575 2827 782 2880; x_wconf 70' lang='lat' dir='ltr'><strong>vomere</strong></span> <span class='ocrx_word' id='word_1_165' title='bbox 803 2815 1094 2874; x_wconf 76' lang='lat' dir='ltr'>cogeretur,</span> <span class='ocrx_word' id='word_1_166' title='bbox 1126 2809 1318 2858; x_wconf 80' lang='lat' dir='ltr'><strong>invitus</strong></span> <span class='ocrx_word' id='word_1_167' title='bbox 1351 2815 1408 2858; x_wconf 91' lang='lat' dir='ltr'><strong>et</strong></span> <span class='ocrx_word' id='word_1_168' title='bbox 1439 2815 1637 2872; x_wconf 70' lang='lat' dir='ltr'><strong>praeter</strong></span> 
     </span>
     <span class='ocr_line' id='line_1_29' title="bbox 569 2899 787 2938; baseline -0.014 0"><span class='ocrx_word' id='word_1_169' title='bbox 569 2899 787 2938; x_wconf 81' lang='lat' dir='ltr'><strong>morem.</strong></span> 
     </span>
    </p>

    <p class='ocr_par' dir='ltr' id='par_1_10' title="bbox 571 2957 1641 3849">
     <span class='ocr_line' id='line_1_30' title="bbox 639 2957 1637 3026; baseline -0.003 -15"><span class='ocrx_word' id='word_1_170' title='bbox 639 2971 664 2996; x_wconf 79' lang='lat'><strong>¹</strong></span> <span class='ocrx_word' id='word_1_171' title='bbox 696 2961 976 3026; x_wconf 46' lang='grc' dir='ltr'><strong>δυβιαε-ἕω</strong></span> <span class='ocrx_word' id='word_1_172' title='bbox 995 2959 1174 3024; x_wconf 56' lang='lat' dir='ltr'><strong>Mani]</strong></span> <span class='ocrx_word' id='word_1_173' title='bbox 1227 2958 1312 3009; x_wconf 81' lang='lat' dir='ltr'><strong>An</strong></span> <span class='ocrx_word' id='word_1_174' title='bbox 1345 2958 1474 3008; x_wconf 86' lang='lat' dir='ltr'><strong>illud</strong></span> <span class='ocrx_word' id='word_1_175' title='bbox 1507 2957 1637 3010; x_wconf 78' lang='lat' dir='ltr'><strong>effu·</strong></span> 
     </span>
     <span class='ocr_line' id='line_1_31' title="bbox 573 3033 1637 3104; baseline -0.001 -17"><span class='ocrx_word' id='word_1_176' title='bbox 573 3039 714 3104; x_wconf 71' lang='lat' dir='ltr'><strong>gium</strong></span> <span class='ocrx_word' id='word_1_177' title='bbox 735 3038 804 3087; x_wconf 80' lang='lat' dir='ltr'><strong>ait</strong></span> <span class='ocrx_word' id='word_1_178' title='bbox 824 3036 1140 3086; x_wconf 77' lang='lat' dir='ltr'><strong>hominibus?</strong></span> <span class='ocrx_word' id='word_1_179' title='bbox 1178 3033 1262 3084; x_wconf 80' lang='lat' dir='ltr'><strong>An</strong></span> <span class='ocrx_word' id='word_1_180' title='bbox 1284 3048 1408 3084; x_wconf 83' lang='lat' dir='ltr'><strong>vero</strong></span> <span class='ocrx_word' id='word_1_181' title='bbox 1433 3041 1637 3086; x_wconf 81' lang='lat' dir='ltr'><strong>tantum</strong></span> 
     </span>
     <span class='ocr_line' id='line_1_32' title="bbox 573 3108 1635 3175; baseline -0.003 -13"><span class='ocrx_word' id='word_1_182' title='bbox 573 3111 850 3175; x_wconf 70' lang='lat' dir='ltr'><strong>suffugium</strong></span> <span class='ocrx_word' id='word_1_183' title='bbox 871 3119 929 3160; x_wconf 91' lang='lat' dir='ltr'><strong>et</strong></span> <span class='ocrx_word' id='word_1_184' title='bbox 951 3111 1336 3172; x_wconf 71' lang='lat' dir='ltr'><strong>receptaculum</strong></span> <span class='ocrx_word' id='word_1_185' title='bbox 1371 3108 1635 3172; x_wconf 74' lang='lat' dir='ltr'><strong>frugibus?</strong></span> 
     </span>
     <span class='ocr_line' id='line_1_33' title="bbox 573 3184 1639 3248; baseline -0.006 -10"><span class='ocrx_word' id='word_1_186' title='bbox 573 3189 733 3247; x_wconf 86' lang='lat' dir='ltr'><strong>Puto,</strong></span> <span class='ocrx_word' id='word_1_187' title='bbox 767 3186 1014 3248; x_wconf 87' lang='lat' dir='ltr'><strong>utrisque.</strong></span> <span class='ocrx_word' id='word_1_188' title='bbox 1079 3185 1214 3233; x_wconf 86' lang='lat' dir='ltr'><strong>Nam</strong></span> <span class='ocrx_word' id='word_1_189' title='bbox 1252 3184 1484 3234; x_wconf 87' lang='lat' dir='ltr'><strong>homines</strong></span> <span class='ocrx_word' id='word_1_190' title='bbox 1527 3187 1543 3213; x_wconf 77' lang='lat'><strong><em>⁴</em></strong></span> <span class='ocrx_word' id='word_1_191' title='bbox 1569 3186 1639 3232; x_wconf 87' lang='lat' dir='ltr'><strong>ri-</strong></span> 
     </span>
     <span class='ocr_line' id='line_1_34' title="bbox 575 3257 1635 3325; baseline -0.003 -16"><span class='ocrx_word' id='word_1_192' title='bbox 575 3275 751 3325; x_wconf 72' lang='lat' dir='ltr'><strong>gorem</strong></span> <span class='ocrx_word' id='word_1_193' title='bbox 789 3259 1038 3321; x_wconf 75' lang='lat' dir='ltr'>frigorum</span> <span class='ocrx_word' id='word_1_194' title='bbox 1077 3257 1326 3320; x_wconf 87' lang='lat' dir='ltr'><strong>ejusmodi</strong></span> <span class='ocrx_word' id='word_1_195' title='bbox 1359 3257 1487 3304; x_wconf 87' lang='lat' dir='ltr'><strong>locis</strong></span> <span class='ocrx_word' id='word_1_196' title='bbox 1507 3259 1635 3306; x_wconf 88' lang='lat' dir='ltr'><strong>mol-</strong></span> 
     </span>
     <span class='ocr_line' id='line_1_35' title="bbox 571 3331 1635 3395; baseline -0.004 -10"><span class='ocrx_word' id='word_1_197' title='bbox 571 3336 709 3386; x_wconf 82' lang='lat' dir='ltr'><strong>liunt</strong></span> <span class='ocrx_word' id='word_1_198' title='bbox 731 3334 764 3394; x_wconf 84' lang='lat'><strong>;&#39;</strong></span> <span class='ocrx_word' id='word_1_199' title='bbox 807 3339 862 3383; x_wconf 89' lang='lat' dir='ltr'><strong>et</strong></span> <span class='ocrx_word' id='word_1_200' title='bbox 883 3331 1057 3395; x_wconf 80' lang='lat' dir='ltr'><strong>fruges</strong></span> <span class='ocrx_word' id='word_1_201' title='bbox 1075 3331 1146 3381; x_wconf 88' lang='lat' dir='ltr'><strong>ibi</strong></span> <span class='ocrx_word' id='word_1_202' title='bbox 1169 3331 1363 3380; x_wconf 59' lang='lat' dir='ltr'><strong>abditae</strong></span> <span class='ocrx_word' id='word_1_203' title='bbox 1387 3337 1443 3380; x_wconf 89' lang='lat' dir='ltr'><strong>et</strong></span> <span class='ocrx_word' id='word_1_204' title='bbox 1465 3331 1635 3381; x_wconf 82' lang='lat' dir='ltr'><strong>defos-</strong></span> 
     </span>
     <span class='ocr_line' id='line_1_36' title="bbox 573 3406 1635 3471; baseline -0.002 -12"><span class='ocrx_word' id='word_1_205' title='bbox 573 3423 645 3459; x_wconf 64' lang='grc' dir='ltr'><strong>σε</strong></span> <span class='ocrx_word' id='word_1_206' title='bbox 682 3409 1006 3471; x_wconf 75' lang='lat' dir='ltr'><strong>ignorantur,</strong></span> <span class='ocrx_word' id='word_1_207' title='bbox 1039 3409 1055 3435; x_wconf 77' lang='lat'><strong><em>⁴</em></strong></span> <span class='ocrx_word' id='word_1_208' title='bbox 1075 3406 1342 3470; x_wconf 88' lang='lat' dir='ltr'><strong>siquando</strong></span> <span class='ocrx_word' id='word_1_209' title='bbox 1361 3407 1524 3457; x_wconf 84' lang='lat' dir='ltr'><strong>bostis</strong></span> <span class='ocrx_word' id='word_1_210' title='bbox 1545 3408 1635 3458; x_wconf 83' lang='lat' dir='ltr'><strong>ad-</strong></span> 
     </span>
     <span class='ocr_line' id='line_1_37' title="bbox 573 3485 1638 3549; baseline 0.004 -14"><span class='ocrx_word' id='word_1_211' title='bbox 573 3485 755 3548; x_wconf 75' lang='lat' dir='ltr'><strong>venit,&#39;</strong></span> <span class='ocrx_word' id='word_1_212' title='bbox 789 3486 884 3536; x_wconf 72' lang='grc' dir='ltr'><strong>διο.</strong></span> <span class='ocrx_word' id='word_1_213' title='bbox 950 3485 1136 3549; x_wconf 86' lang='lat' dir='ltr'><strong>Itaque</strong></span> <span class='ocrx_word' id='word_1_214' title='bbox 1180 3499 1366 3548; x_wconf 86' lang='lat' dir='ltr'><strong>specus</strong></span> <span class='ocrx_word' id='word_1_215' title='bbox 1411 3487 1638 3539; x_wconf 75' lang='lat' dir='ltr'><strong>illinunt</strong></span> 
     </span>
     <span class='ocr_line' id='line_1_38' title="bbox 575 3559 1641 3628; baseline -0.002 -18"><span class='ocrx_word' id='word_1_216' title='bbox 575 3559 852 3624; x_wconf 70' lang='lat' dir='ltr'><strong>suffugium</strong></span> <span class='ocrx_word' id='word_1_217' title='bbox 893 3561 1181 3610; x_wconf 84' lang='lat' dir='ltr'><strong>hominibus</strong></span> <span class='ocrx_word' id='word_1_218' title='bbox 1224 3561 1472 3613; x_wconf 82' lang='lat' dir='ltr'><strong>adversus</strong></span> <span class='ocrx_word' id='word_1_219' title='bbox 1515 3565 1641 3628; x_wconf 76' lang='lat' dir='ltr'><strong>bye-</strong></span> 
     </span>
     <span class='ocr_line' id='line_1_39' title="bbox 573 3635 1641 3702; baseline 0.005 -17"><span class='ocrx_word' id='word_1_220' title='bbox 573 3649 732 3695; x_wconf 64' lang='grc' dir='ltr'><strong>ηοω,</strong></span> <span class='ocrx_word' id='word_1_221' title='bbox 769 3641 824 3684; x_wconf 87' lang='lat' dir='ltr'><strong>et</strong></span> <span class='ocrx_word' id='word_1_222' title='bbox 861 3637 1250 3698; x_wconf 80' lang='lat' dir='ltr'>receptaculum</span> <span class='ocrx_word' id='word_1_223' title='bbox 1285 3635 1518 3702; x_wconf 74' lang='lat' dir='ltr'><strong>frugibus</strong></span> <span class='ocrx_word' id='word_1_224' title='bbox 1551 3640 1641 3689; x_wconf 83' lang='lat' dir='ltr'><strong>ad-</strong></span> 
     </span>
     <span class='ocr_line' id='line_1_40' title="bbox 575 3710 1637 3781; baseline 0.006 -21"><span class='ocrx_word' id='word_1_225' title='bbox 575 3723 754 3760; x_wconf 75' lang='lat' dir='ltr'><strong>versus</strong></span> <span class='ocrx_word' id='word_1_226' title='bbox 797 3712 1031 3771; x_wconf 68' lang='lat' dir='ltr'><strong>hostem</strong></span> <span class='ocrx_word' id='word_1_227' title='bbox 1080 3710 1218 3761; x_wconf 79' lang='lat' dir='ltr'><strong>forte</strong></span> <span class='ocrx_word' id='word_1_228' title='bbox 1263 3720 1319 3763; x_wconf 88' lang='lat' dir='ltr'><strong>et</strong></span> <span class='ocrx_word' id='word_1_229' title='bbox 1357 3715 1477 3778; x_wconf 87' lang='lat' dir='ltr'><strong>alia,</strong></span> <span class='ocrx_word' id='word_1_230' title='bbox 1520 3731 1637 3781; x_wconf 79' lang='lat' dir='ltr'><strong>quae</strong></span> 
     </span>
     <span class='ocr_line' id='line_1_41' title="bbox 577 3787 1153 3849; baseline 0.003 -14"><span class='ocrx_word' id='word_1_231' title='bbox 577 3799 912 3849; x_wconf 84' lang='lat' dir='ltr'><strong>corrumpere</strong></span> <span class='ocrx_word' id='word_1_232' title='bbox 934 3787 1153 3849; x_wconf 82' lang='lat' dir='ltr'><strong>possint.</strong></span> 
     </span>
    </p>

    <p class='ocr_par' dir='ltr' id='par_1_11' title="bbox 577 3860 1642 4303">
     <span class='ocr_line' id='line_1_42' title="bbox 645 3860 1639 3928; baseline 0.006 -20"><span class='ocrx_word' id='word_1_233' title='bbox 645 3860 800 3908; x_wconf 84' lang='lat' dir='ltr'><strong>Licet</strong></span> <span class='ocrx_word' id='word_1_234' title='bbox 819 3861 918 3908; x_wconf 86' lang='lat' dir='ltr'><strong>illis</strong></span> <span class='ocrx_word' id='word_1_235' title='bbox 941 3861 1194 3924; x_wconf 82' lang='lat' dir='ltr'><strong>specubus</strong></span> <span class='ocrx_word' id='word_1_236' title='bbox 1217 3869 1272 3910; x_wconf 84' lang='lat' dir='ltr'><strong>et</strong></span> <span class='ocrx_word' id='word_1_237' title='bbox 1293 3863 1412 3913; x_wconf 71' lang='lat' dir='ltr'><strong>timo</strong></span> <span class='ocrx_word' id='word_1_238' title='bbox 1443 3863 1639 3928; x_wconf 75' lang='lat' dir='ltr'><strong>frigora</strong></span> 
     </span>
     <span class='ocr_line' id='line_1_43' title="bbox 579 3935 1639 4004; baseline 0.004 -18"><span class='ocrx_word' id='word_1_239' title='bbox 579 3935 856 3998; x_wconf 77' lang='lat' dir='ltr'><strong>mollirent,</strong></span> <span class='ocrx_word' id='word_1_240' title='bbox 883 3950 986 3985; x_wconf 89' lang='lat' dir='ltr'><strong>non</strong></span> <span class='ocrx_word' id='word_1_241' title='bbox 1008 3937 1200 4000; x_wconf 79' lang='lat' dir='ltr'><strong>obstat,</strong></span> <span class='ocrx_word' id='word_1_242' title='bbox 1239 3939 1358 4002; x_wconf 87' lang='lat' dir='ltr'><strong>quin</strong></span> <span class='ocrx_word' id='word_1_243' title='bbox 1381 3948 1437 3990; x_wconf 87' lang='lat' dir='ltr'><strong>et</strong></span> <span class='ocrx_word' id='word_1_244' title='bbox 1465 3940 1639 4004; x_wconf 81' lang='lat' dir='ltr'><strong>ignem</strong></span> 
     </span>
     <span class='ocr_line' id='line_1_44' title="bbox 577 4010 1633 4066; baseline 0.005 -5"><span class='ocrx_word' id='word_1_245' title='bbox 577 4010 682 4061; x_wconf 82' lang='lat' dir='ltr'><strong>illis</strong></span> <span class='ocrx_word' id='word_1_246' title='bbox 704 4011 832 4062; x_wconf 89' lang='lat' dir='ltr'><strong>locis</strong></span> <span class='ocrx_word' id='word_1_247' title='bbox 853 4013 1221 4064; x_wconf 79' lang='lat' dir='ltr'><strong>accenderent.</strong></span> <span class='ocrx_word' id='word_1_248' title='bbox 1289 4017 1422 4064; x_wconf 89' lang='lat' dir='ltr'><strong>Nam</strong></span> <span class='ocrx_word' id='word_1_249' title='bbox 1456 4017 1633 4066; x_wconf 83' lang='lat' dir='ltr'><strong>statim</strong></span> 
     </span>
     <span class='ocr_line' id='line_1_45' title="bbox 579 4086 1635 4155; baseline 0.006 -20"><span class='ocrx_word' id='word_1_250' title='bbox 579 4086 756 4149; x_wconf 79' lang='lat' dir='ltr'><strong>babes,</strong></span> <span class='ocrx_word' id='word_1_251' title='bbox 787 4089 804 4114; x_wconf 74' lang='lat'>⁴</span> <span class='ocrx_word' id='word_1_252' title='bbox 831 4095 964 4136; x_wconf 82' lang='lat' dir='ltr'><strong>totos</strong></span> <span class='ocrx_word' id='word_1_253' title='bbox 986 4089 1098 4136; x_wconf 84' lang='lat' dir='ltr'><strong>dies</strong></span> <span class='ocrx_word' id='word_1_254' title='bbox 1106 4089 1264 4152; x_wconf 84' lang='lat' dir='ltr'><strong>juxta</strong></span> <span class='ocrx_word' id='word_1_255' title='bbox 1285 4088 1456 4139; x_wconf 82' lang='lat' dir='ltr'><strong>focum</strong></span> <span class='ocrx_word' id='word_1_256' title='bbox 1479 4097 1635 4155; x_wconf 85' lang='lat' dir='ltr'><strong>atque</strong></span> 
     </span>
     <span class='ocr_line' id='line_1_46' title="bbox 577 4161 1641 4224; baseline 0.002 -12"><span class='ocrx_word' id='word_1_257' title='bbox 577 4161 748 4224; x_wconf 65' lang='lat' dir='ltr'><strong>ignem</strong></span> <span class='ocrx_word' id='word_1_258' title='bbox 781 4161 976 4224; x_wconf 59' lang='lat' dir='ltr'><strong>agunt?</strong></span> <span class='ocrx_word' id='word_1_259' title='bbox 1045 4163 1094 4211; x_wconf 87' lang='lat' dir='ltr'>N</span> <span class='ocrx_word' id='word_1_260' title='bbox 1101 4175 1163 4212; x_wconf 92' lang='lat' dir='ltr'><strong>ec</strong></span> <span class='ocrx_word' id='word_1_261' title='bbox 1193 4162 1332 4214; x_wconf 82' lang='lat' dir='ltr'><strong>forte</strong></span> <span class='ocrx_word' id='word_1_262' title='bbox 1361 4164 1483 4214; x_wconf 79' lang='lat' dir='ltr'><strong>timo</strong></span> <span class='ocrx_word' id='word_1_263' title='bbox 1517 4179 1641 4214; x_wconf 88' lang='lat' dir='ltr'><strong>one-</strong></span> 
     </span>
     <span class='ocr_line' id='line_1_47' title="bbox 581 4235 1642 4303; baseline 0.004 -17"><span class='ocrx_word' id='word_1_264' title='bbox 581 4235 768 4288; x_wconf 80' lang='lat' dir='ltr'><strong>rabant</strong></span> <span class='ocrx_word' id='word_1_265' title='bbox 787 4251 988 4303; x_wconf 76' lang='lat' dir='ltr'><strong>apecus,</strong></span> <span class='ocrx_word' id='word_1_266' title='bbox 1017 4235 1108 4287; x_wconf 86' lang='lat' dir='ltr'><strong>ubi</strong></span> <span class='ocrx_word' id='word_1_267' title='bbox 1139 4235 1314 4302; x_wconf 71' lang='lat' dir='ltr'><strong>fruges</strong></span> <span class='ocrx_word' id='word_1_268' title='bbox 1343 4237 1642 4301; x_wconf 60' lang='lat' dir='ltr'><strong>abdebanu</strong></span> 
     </span>
    </p>
   </div>
   <div class='ocr_carea' id='block_1_10' title="bbox 1709 1675 2781 4310">
    <p class='ocr_par' dir='ltr' id='par_1_12' title="bbox 1709 1675 2776 2044">
     <span class='ocr_line' id='line_1_48' title="bbox 1714 1675 2775 1744; baseline 0.002 -16"><span class='ocrx_word' id='word_1_269' title='bbox 1714 1679 1851 1744; x_wconf 90' lang='lat' dir='ltr'><strong>quod</strong></span> <span class='ocrx_word' id='word_1_270' title='bbox 1895 1679 2031 1730; x_wconf 82' lang='lat' dir='ltr'><strong>forte</strong></span> <span class='ocrx_word' id='word_1_271' title='bbox 2074 1681 2189 1731; x_wconf 73' lang='lat' dir='ltr'><strong>illas</strong></span> <span class='ocrx_word' id='word_1_272' title='bbox 2226 1681 2555 1744; x_wconf 74' lang='lat' dir='ltr'><strong>corrupisset.</strong></span> <span class='ocrx_word' id='word_1_273' title='bbox 2622 1675 2775 1730; x_wconf 84' lang='lat' dir='ltr'><strong>Locis</strong></span> 
     </span>
     <span class='ocr_line' id='line_1_49' title="bbox 1714 1754 2776 1820; baseline 0.001 -17"><span class='ocrx_word' id='word_1_274' title='bbox 1714 1756 1911 1820; x_wconf 88' lang='lat' dir='ltr'><strong>quippe</strong></span> <span class='ocrx_word' id='word_1_275' title='bbox 1935 1756 2085 1806; x_wconf 87' lang='lat' dir='ltr'><strong>siccis</strong></span> <span class='ocrx_word' id='word_1_276' title='bbox 2126 1757 2473 1806; x_wconf 71' lang='lat' dir='ltr'><strong>subterraneis</strong></span> <span class='ocrx_word' id='word_1_277' title='bbox 2513 1754 2776 1804; x_wconf 86' lang='lat' dir='ltr'><strong>abduntur</strong></span> 
     </span>
     <span class='ocr_line' id='line_1_50' title="bbox 1713 1828 2775 1895; baseline 0.002 -17"><span class='ocrx_word' id='word_1_278' title='bbox 1713 1828 1888 1894; x_wconf 74' lang='lat' dir='ltr'><strong>fruges</strong></span> <span class='ocrx_word' id='word_1_279' title='bbox 1911 1831 2109 1895; x_wconf 80' lang='lat' dir='ltr'><strong>duplici</strong></span> <span class='ocrx_word' id='word_1_280' title='bbox 2135 1845 2308 1893; x_wconf 84' lang='lat' dir='ltr'><strong>causa,</strong></span> <span class='ocrx_word' id='word_1_281' title='bbox 2323 1831 2435 1882; x_wconf 86' lang='lat' dir='ltr'><strong>scil.</strong></span> <span class='ocrx_word' id='word_1_282' title='bbox 2456 1845 2524 1879; x_wconf 91' lang='lat' dir='ltr'><strong>ne</strong></span> <span class='ocrx_word' id='word_1_283' title='bbox 2552 1843 2775 1880; x_wconf 85' lang='lat' dir='ltr'><strong>corrum-</strong></span> 
     </span>
     <span class='ocr_line' id='line_1_51' title="bbox 1712 1905 2772 1968; baseline 0.002 -15"><span class='ocrx_word' id='word_1_284' title='bbox 1712 1912 1903 1968; x_wconf 89' lang='lat' dir='ltr'><strong>pantur</strong></span> <span class='ocrx_word' id='word_1_285' title='bbox 1926 1906 2047 1954; x_wconf 75' lang='lat' dir='ltr'><strong>ae‘re</strong></span> <span class='ocrx_word' id='word_1_286' title='bbox 2068 1916 2161 1956; x_wconf 86' lang='lat' dir='ltr'><strong>aut</strong></span> <span class='ocrx_word' id='word_1_287' title='bbox 2197 1905 2595 1965; x_wconf 73' lang='lat' dir='ltr'><strong>curculionibus,</strong></span> <span class='ocrx_word' id='word_1_288' title='bbox 2626 1913 2683 1955; x_wconf 86' lang='lat' dir='ltr'><strong>et</strong></span> <span class='ocrx_word' id='word_1_289' title='bbox 2706 1918 2772 1955; x_wconf 86' lang='lat' dir='ltr'><strong>ne</strong></span> 
     </span>
     <span class='ocr_line' id='line_1_52' title="bbox 1709 1980 2386 2044; baseline 0.003 -15"><span class='ocrx_word' id='word_1_290' title='bbox 1709 1980 2032 2044; x_wconf 72' lang='lat' dir='ltr'><strong>abripiuntur</strong></span> <span class='ocrx_word' id='word_1_291' title='bbox 2052 1981 2118 2032; x_wconf 79' lang='lat' dir='ltr'><strong>ab</strong></span> <span class='ocrx_word' id='word_1_292' title='bbox 2140 1981 2386 2031; x_wconf 83' lang='lat' dir='ltr'><strong>hostibus.</strong></span> 
     </span>
    </p>

    <p class='ocr_par' dir='ltr' id='par_1_13' title="bbox 1710 2053 2781 3624">
     <span class='ocr_line' id='line_1_53' title="bbox 1776 2053 2770 2121; baseline 0 -15"><span class='ocrx_word' id='word_1_293' title='bbox 1776 2064 1800 2089; x_wconf 85' lang='lat'><em>⁰</em></span> <span class='ocrx_word' id='word_1_294' title='bbox 1831 2059 2188 2121; x_wconf 71' lang='lat' dir='ltr'><strong>Raeeeptueulnm</strong></span> <span class='ocrx_word' id='word_1_295' title='bbox 2213 2056 2465 2120; x_wconf 66' lang='lat' dir='ltr'><strong>frugibus]</strong></span> <span class='ocrx_word' id='word_1_296' title='bbox 2511 2055 2645 2104; x_wconf 86' lang='lat' dir='ltr'><strong>Plin.</strong></span> <span class='ocrx_word' id='word_1_297' title='bbox 2676 2053 2770 2106; x_wconf 86' lang='lat' dir='ltr'><strong>lib.</strong></span> 
     </span>
     <span class='ocr_line' id='line_1_54' title="bbox 1710 2132 2775 2182; baseline -0.001 -2"><span class='ocrx_word' id='word_1_298' title='bbox 1710 2143 1874 2180; x_wconf 76' lang='lat' dir='ltr'><strong>xviii.</strong></span> <span class='ocrx_word' id='word_1_299' title='bbox 1896 2137 1979 2182; x_wconf 69' lang='lat'><strong>3⁰.</strong></span> <span class='ocrx_word' id='word_1_300' title='bbox 2034 2133 2051 2160; x_wconf 77' lang='lat'>⁸</span> <span class='ocrx_word' id='word_1_301' title='bbox 2071 2132 2353 2182; x_wconf 77' lang='lat' dir='ltr'><strong>Utilissime</strong></span> <span class='ocrx_word' id='word_1_302' title='bbox 2374 2137 2547 2180; x_wconf 88' lang='lat' dir='ltr'><strong>tamen</strong></span> <span class='ocrx_word' id='word_1_303' title='bbox 2568 2145 2775 2180; x_wconf 83' lang='lat' dir='ltr'><strong>servan-</strong></span> 
     </span>
     <span class='ocr_line' id='line_1_55' title="bbox 1715 2208 2772 2272; baseline 0.001 -17"><span class='ocrx_word' id='word_1_304' title='bbox 1715 2211 1801 2255; x_wconf 90' lang='lat' dir='ltr'><strong>tur</strong></span> <span class='ocrx_word' id='word_1_305' title='bbox 1834 2208 1889 2256; x_wconf 89' lang='lat' dir='ltr'><strong>in</strong></span> <span class='ocrx_word' id='word_1_306' title='bbox 1923 2209 2210 2270; x_wconf 75' lang='lat' dir='ltr'><strong>scrobibus,</strong></span> <span class='ocrx_word' id='word_1_307' title='bbox 2234 2223 2361 2272; x_wconf 82' lang='lat' dir='ltr'><strong>quoa</strong></span> <span class='ocrx_word' id='word_1_308' title='bbox 2398 2208 2525 2257; x_wconf 85' lang='lat' dir='ltr'><strong>siros</strong></span> <span class='ocrx_word' id='word_1_309' title='bbox 2562 2213 2772 2267; x_wconf 78' lang='lat' dir='ltr'><strong>vocant,</strong></span> 
     </span>
     <span class='ocr_line' id='line_1_56' title="bbox 1712 2281 2773 2347; baseline 0.007 -19"><span class='ocrx_word' id='word_1_310' title='bbox 1712 2286 1774 2329; x_wconf 91' lang='lat' dir='ltr'><strong>ut</strong></span> <span class='ocrx_word' id='word_1_311' title='bbox 1808 2281 1861 2329; x_wconf 93' lang='lat' dir='ltr'><strong>in</strong></span> <span class='ocrx_word' id='word_1_312' title='bbox 1897 2281 2229 2346; x_wconf 71' lang='lat' dir='ltr'><strong>Cappadocia</strong></span> <span class='ocrx_word' id='word_1_313' title='bbox 2260 2290 2315 2333; x_wconf 88' lang='lat' dir='ltr'><strong>et</strong></span> <span class='ocrx_word' id='word_1_314' title='bbox 2354 2285 2407 2332; x_wconf 87' lang='lat' dir='ltr'><strong>in</strong></span> <span class='ocrx_word' id='word_1_315' title='bbox 2446 2283 2687 2347; x_wconf 84' lang='lat' dir='ltr'><strong>Thracia,</strong></span> <span class='ocrx_word' id='word_1_316' title='bbox 2716 2283 2773 2335; x_wconf 82' lang='lat' dir='ltr'><strong>in</strong></span> 
     </span>
     <span class='ocr_line' id='line_1_57' title="bbox 1716 2355 2775 2419; baseline 0.007 -15"><span class='ocrx_word' id='word_1_317' title='bbox 1716 2355 1967 2419; x_wconf 75' lang='lat' dir='ltr'><strong>Hispania</strong></span> <span class='ocrx_word' id='word_1_318' title='bbox 2007 2365 2064 2408; x_wconf 86' lang='lat' dir='ltr'><strong>et</strong></span> <span class='ocrx_word' id='word_1_319' title='bbox 2096 2357 2311 2410; x_wconf 80' lang='lat' dir='ltr'><strong>Africa:</strong></span> <span class='ocrx_word' id='word_1_320' title='bbox 2360 2365 2484 2409; x_wconf 90' lang='lat' dir='ltr'><strong>ante</strong></span> <span class='ocrx_word' id='word_1_321' title='bbox 2522 2361 2691 2410; x_wconf 87' lang='lat' dir='ltr'><strong>omnia</strong></span> <span class='ocrx_word' id='word_1_322' title='bbox 2714 2365 2775 2411; x_wconf 85' lang='lat' dir='ltr'><strong>ut</strong></span> 
     </span>
     <span class='ocr_line' id='line_1_58' title="bbox 1718 2433 2775 2500; baseline 0.007 -21"><span class='ocrx_word' id='word_1_323' title='bbox 1718 2433 1857 2481; x_wconf 82' lang='lat' dir='ltr'><strong>sicco</strong></span> <span class='ocrx_word' id='word_1_324' title='bbox 1872 2433 1983 2483; x_wconf 80' lang='lat' dir='ltr'><strong>solo</strong></span> <span class='ocrx_word' id='word_1_325' title='bbox 2020 2433 2165 2496; x_wconf 83' lang='lat' dir='ltr'><strong>fiant,</strong></span> <span class='ocrx_word' id='word_1_326' title='bbox 2192 2441 2415 2496; x_wconf 87' lang='lat' dir='ltr'><strong>curant;</strong></span> <span class='ocrx_word' id='word_1_327' title='bbox 2464 2449 2583 2485; x_wconf 83' lang='lat' dir='ltr'><strong>mox</strong></span> <span class='ocrx_word' id='word_1_328' title='bbox 2606 2441 2666 2485; x_wconf 92' lang='lat' dir='ltr'><strong>ut</strong></span> <span class='ocrx_word' id='word_1_329' title='bbox 2686 2449 2775 2500; x_wconf 83' lang='lat' dir='ltr'><strong>pa-</strong></span> 
     </span>
     <span class='ocr_line' id='line_1_59' title="bbox 1716 2507 2777 2575; baseline 0.006 -20"><span class='ocrx_word' id='word_1_330' title='bbox 1716 2507 1799 2556; x_wconf 86' lang='lat' dir='ltr'><strong>lea</strong></span> <span class='ocrx_word' id='word_1_331' title='bbox 1814 2507 2192 2559; x_wconf 72' lang='lat' dir='ltr'><strong>substernatur.</strong></span> <span class='ocrx_word' id='word_1_332' title='bbox 2247 2509 2514 2560; x_wconf 73' lang='lat' dir='ltr'><strong>Praeterea</strong></span> <span class='ocrx_word' id='word_1_333' title='bbox 2534 2525 2649 2560; x_wconf 88' lang='lat' dir='ltr'><strong>cum</strong></span> <span class='ocrx_word' id='word_1_334' title='bbox 2672 2511 2777 2575; x_wconf 76' lang='lat' dir='ltr'><strong>spi·</strong></span> 
     </span>
     <span class='ocr_line' id='line_1_60' title="bbox 1716 2583 2776 2650; baseline 0.007 -21"><span class='ocrx_word' id='word_1_335' title='bbox 1716 2595 1780 2630; x_wconf 84' lang='lat' dir='ltr'><strong>ca</strong></span> <span class='ocrx_word' id='word_1_336' title='bbox 1800 2596 1893 2630; x_wconf 83' lang='lat' dir='ltr'><strong>sua</strong></span> <span class='ocrx_word' id='word_1_337' title='bbox 1933 2583 2243 2634; x_wconf 87' lang='lat' dir='ltr'><strong>conduntur.</strong></span> <span class='ocrx_word' id='word_1_338' title='bbox 2306 2584 2397 2635; x_wconf 88' lang='lat' dir='ltr'><strong>Ita</strong></span> <span class='ocrx_word' id='word_1_339' title='bbox 2432 2584 2712 2650; x_wconf 82' lang='lat' dir='ltr'><strong>frumenta,</strong></span> <span class='ocrx_word' id='word_1_340' title='bbox 2731 2583 2776 2636; x_wconf 81' lang='lat' dir='ltr'><strong>si</strong></span> 
     </span>
     <span class='ocr_line' id='line_1_61' title="bbox 1716 2657 2778 2723; baseline 0.006 -18"><span class='ocrx_word' id='word_1_341' title='bbox 1716 2657 1885 2706; x_wconf 87' lang='lat' dir='ltr'><strong>nullus</strong></span> <span class='ocrx_word' id='word_1_342' title='bbox 1908 2659 2120 2720; x_wconf 79' lang='lat' dir='ltr'><strong>spiritus</strong></span> <span class='ocrx_word' id='word_1_343' title='bbox 2162 2666 2422 2723; x_wconf 84' lang='lat' dir='ltr'><strong>penetret,</strong></span> <span class='ocrx_word' id='word_1_344' title='bbox 2456 2669 2655 2710; x_wconf 84' lang='lat' dir='ltr'><strong>certum</strong></span> <span class='ocrx_word' id='word_1_345' title='bbox 2694 2667 2778 2711; x_wconf 84' lang='lat' dir='ltr'><strong>est</strong></span> 
     </span>
     <span class='ocr_line' id='line_1_62' title="bbox 1714 2731 2778 2790; baseline 0.008 -10"><span class='ocrx_word' id='word_1_346' title='bbox 1714 2732 1841 2781; x_wconf 86' lang='lat' dir='ltr'><strong>nibil</strong></span> <span class='ocrx_word' id='word_1_347' title='bbox 1862 2731 2153 2783; x_wconf 81' lang='lat' dir='ltr'><strong>maleficum</strong></span> <span class='ocrx_word' id='word_1_348' title='bbox 2184 2734 2340 2784; x_wconf 81' lang='lat' dir='ltr'><strong>nasci.</strong></span> <span class='ocrx_word' id='word_1_349' title='bbox 2405 2735 2571 2784; x_wconf 79' lang='lat' dir='ltr'><strong>Varro</strong></span> <span class='ocrx_word' id='word_1_350' title='bbox 2594 2745 2778 2790; x_wconf 77' lang='lat' dir='ltr'><strong>auctor</strong></span> 
     </span>
     <span class='ocr_line' id='line_1_63' title="bbox 1712 2807 2781 2860; baseline 0.004 -4"><span class='ocrx_word' id='word_1_351' title='bbox 1712 2815 1794 2856; x_wconf 80' lang='lat' dir='ltr'><strong>est</strong></span> <span class='ocrx_word' id='word_1_352' title='bbox 1816 2808 1893 2858; x_wconf 88' lang='lat' dir='ltr'><strong>sic</strong></span> <span class='ocrx_word' id='word_1_353' title='bbox 1914 2808 2177 2858; x_wconf 87' lang='lat' dir='ltr'><strong>conditum</strong></span> <span class='ocrx_word' id='word_1_354' title='bbox 2215 2809 2446 2858; x_wconf 82' lang='lat' dir='ltr'><strong>triticum</strong></span> <span class='ocrx_word' id='word_1_355' title='bbox 2478 2807 2669 2859; x_wconf 84' lang='lat' dir='ltr'><strong>durare</strong></span> <span class='ocrx_word' id='word_1_356' title='bbox 2688 2825 2781 2860; x_wconf 86' lang='lat' dir='ltr'><strong>au-</strong></span> 
     </span>
     <span class='ocr_line' id='line_1_64' title="bbox 1712 2883 2781 2949; baseline 0.006 -18"><span class='ocrx_word' id='word_1_357' title='bbox 1712 2883 1791 2931; x_wconf 86' lang='lat' dir='ltr'><strong>nis</strong></span> <span class='ocrx_word' id='word_1_358' title='bbox 1806 2883 2193 2949; x_wconf 77' lang='lat' dir='ltr'><strong>quinquaginta,</strong></span> <span class='ocrx_word' id='word_1_359' title='bbox 2202 2883 2395 2934; x_wconf 87' lang='lat' dir='ltr'><strong>milium</strong></span> <span class='ocrx_word' id='word_1_360' title='bbox 2404 2899 2525 2934; x_wconf 83' lang='lat' dir='ltr'><strong>vero</strong></span> <span class='ocrx_word' id='word_1_361' title='bbox 2536 2886 2781 2938; x_wconf 66' lang='lat' dir='ltr'><strong>centum!</strong></span> 
     </span>
     <span class='ocr_line' id='line_1_65' title="bbox 1716 2958 2779 3025; baseline -0.001 -15"><span class='ocrx_word' id='word_1_362' title='bbox 1716 2958 1875 3010; x_wconf 84' lang='lat' dir='ltr'><strong>Quod</strong></span> <span class='ocrx_word' id='word_1_363' title='bbox 1926 2961 2209 3010; x_wconf 85' lang='lat' dir='ltr'><strong>etiamnum</strong></span> <span class='ocrx_word' id='word_1_364' title='bbox 2250 2967 2533 3025; x_wconf 85' lang='lat' dir='ltr'><strong>usurpatur</strong></span> <span class='ocrx_word' id='word_1_365' title='bbox 2574 2959 2629 3008; x_wconf 90' lang='lat' dir='ltr'><strong>in</strong></span> <span class='ocrx_word' id='word_1_366' title='bbox 2664 2961 2779 3025; x_wconf 86' lang='lat' dir='ltr'><strong>qui-</strong></span> 
     </span>
     <span class='ocr_line' id='line_1_66' title="bbox 1715 3032 2781 3100; baseline 0.004 -18"><span class='ocrx_word' id='word_1_367' title='bbox 1715 3032 1927 3083; x_wconf 73' lang='lat' dir='ltr'><strong>busdam</strong></span> <span class='ocrx_word' id='word_1_368' title='bbox 1950 3035 2247 3099; x_wconf 75' lang='lat' dir='ltr'><strong>regionibus</strong></span> <span class='ocrx_word' id='word_1_369' title='bbox 2280 3035 2487 3100; x_wconf 67' lang='lat' dir='ltr'><strong>Galliae,</strong></span> <span class='ocrx_word' id='word_1_370' title='bbox 2514 3035 2625 3085; x_wconf 86' lang='lat' dir='ltr'><strong>sitis</strong></span> <span class='ocrx_word' id='word_1_371' title='bbox 2648 3049 2781 3099; x_wconf 74' lang='lat' dir='ltr'><strong>prae-</strong></span> 
     </span>
     <span class='ocr_line' id='line_1_67' title="bbox 1714 3107 2781 3174; baseline 0.005 -18"><span class='ocrx_word' id='word_1_372' title='bbox 1714 3107 1866 3171; x_wconf 87' lang='lat' dir='ltr'><strong>cipue</strong></span> <span class='ocrx_word' id='word_1_373' title='bbox 1886 3109 1949 3158; x_wconf 87' lang='lat' dir='ltr'><strong>ad</strong></span> <span class='ocrx_word' id='word_1_374' title='bbox 1986 3111 2263 3174; x_wconf 82' lang='lat' dir='ltr'><strong>meridiem,</strong></span> <span class='ocrx_word' id='word_1_375' title='bbox 2287 3118 2343 3160; x_wconf 86' lang='lat' dir='ltr'><strong>et</strong></span> <span class='ocrx_word' id='word_1_376' title='bbox 2372 3111 2439 3161; x_wconf 86' lang='lat' dir='ltr'><strong>ad</strong></span> <span class='ocrx_word' id='word_1_377' title='bbox 2462 3113 2697 3172; x_wconf 81' lang='lat' dir='ltr'><strong>verbum,</strong></span> <span class='ocrx_word' id='word_1_378' title='bbox 2720 3116 2781 3161; x_wconf 85' lang='lat' dir='ltr'><strong>ut</strong></span> 
     </span>
     <span class='ocr_line' id='line_1_68' title="bbox 1714 3181 2780 3250; baseline 0.008 -20"><span class='ocrx_word' id='word_1_379' title='bbox 1714 3181 1963 3231; x_wconf 74' lang='lat' dir='ltr'><strong>describit</strong></span> <span class='ocrx_word' id='word_1_380' title='bbox 2000 3183 2083 3232; x_wconf 83' lang='lat' dir='ltr'><strong>hic</strong></span> <span class='ocrx_word' id='word_1_381' title='bbox 2114 3185 2337 3247; x_wconf 84' lang='lat' dir='ltr'><strong>Plinius,</strong></span> <span class='ocrx_word' id='word_1_382' title='bbox 2358 3193 2581 3249; x_wconf 85' lang='lat' dir='ltr'><strong>excepta</strong></span> <span class='ocrx_word' id='word_1_383' title='bbox 2618 3187 2780 3250; x_wconf 84' lang='lat' dir='ltr'><strong>spica.</strong></span> 
     </span>
     <span class='ocr_line' id='line_1_69' title="bbox 1713 3257 2777 3327; baseline 0.005 -20"><span class='ocrx_word' id='word_1_384' title='bbox 1713 3257 1849 3307; x_wconf 84' lang='lat' dir='ltr'><strong>Nam</strong></span> <span class='ocrx_word' id='word_1_385' title='bbox 1892 3267 2114 3322; x_wconf 74' lang='lat' dir='ltr'><strong>purgata</strong></span> <span class='ocrx_word' id='word_1_386' title='bbox 2155 3258 2418 3309; x_wconf 81' lang='lat' dir='ltr'><strong>frumenta</strong></span> <span class='ocrx_word' id='word_1_387' title='bbox 2464 3263 2777 3327; x_wconf 84' lang='lat' dir='ltr'><strong>conduntur,</strong></span> 
     </span>
     <span class='ocr_line' id='line_1_70' title="bbox 1715 3332 2781 3394; baseline 0.009 -16"><span class='ocrx_word' id='word_1_388' title='bbox 1715 3332 1867 3394; x_wconf 88' lang='lat' dir='ltr'><strong>palea</strong></span> <span class='ocrx_word' id='word_1_389' title='bbox 1898 3337 2069 3382; x_wconf 86' lang='lat' dir='ltr'><strong>tamen</strong></span> <span class='ocrx_word' id='word_1_390' title='bbox 2102 3335 2294 3383; x_wconf 88' lang='lat' dir='ltr'><strong>circum</strong></span> <span class='ocrx_word' id='word_1_391' title='bbox 2335 3335 2563 3386; x_wconf 83' lang='lat' dir='ltr'><strong>involuta</strong></span> <span class='ocrx_word' id='word_1_392' title='bbox 2598 3344 2654 3387; x_wconf 88' lang='lat' dir='ltr'><strong>et</strong></span> <span class='ocrx_word' id='word_1_393' title='bbox 2692 3353 2781 3388; x_wconf 88' lang='lat' dir='ltr'><strong>co-</strong></span> 
     </span>
     <span class='ocr_line' id='line_1_71' title="bbox 1716 3409 2778 3473; baseline 0.008 -19"><span class='ocrx_word' id='word_1_394' title='bbox 1716 3412 1917 3468; x_wconf 88' lang='lat' dir='ltr'><strong>operta,</strong></span> <span class='ocrx_word' id='word_1_395' title='bbox 1939 3415 1999 3458; x_wconf 90' lang='lat' dir='ltr'><strong>ut</strong></span> <span class='ocrx_word' id='word_1_396' title='bbox 2032 3410 2201 3459; x_wconf 78' lang='lat' dir='ltr'><strong>nullus</strong></span> <span class='ocrx_word' id='word_1_397' title='bbox 2229 3409 2444 3473; x_wconf 86' lang='lat' dir='ltr'><strong>spiritus</strong></span> <span class='ocrx_word' id='word_1_398' title='bbox 2480 3410 2622 3461; x_wconf 82' lang='lat' dir='ltr'><strong>noxii</strong></span> <span class='ocrx_word' id='word_1_399' title='bbox 2645 3411 2778 3463; x_wconf 66' lang='lat' dir='ltr'><strong>aeria</strong></span> 
     </span>
     <span class='ocr_line' id='line_1_72' title="bbox 1717 3482 2777 3550; baseline 0.008 -21"><span class='ocrx_word' id='word_1_400' title='bbox 1717 3482 1990 3545; x_wconf 81' lang='lat' dir='ltr'><strong>pervadat.</strong></span> <span class='ocrx_word' id='word_1_401' title='bbox 2062 3485 2255 3549; x_wconf 81' lang='lat' dir='ltr'><strong>Sicque</strong></span> <span class='ocrx_word' id='word_1_402' title='bbox 2289 3483 2467 3550; x_wconf 77' lang='lat' dir='ltr'><strong>fruges</strong></span> <span class='ocrx_word' id='word_1_403' title='bbox 2508 3485 2777 3540; x_wconf 81' lang='lat' dir='ltr'><strong>defodiun-</strong></span> 
     </span>
     <span class='ocr_line' id='line_1_73' title="bbox 1718 3561 2179 3624; baseline 0.009 -16"><span class='ocrx_word' id='word_1_404' title='bbox 1718 3565 1802 3608; x_wconf 89' lang='lat' dir='ltr'><strong>tur</strong></span> <span class='ocrx_word' id='word_1_405' title='bbox 1824 3561 1877 3608; x_wconf 92' lang='lat' dir='ltr'><strong>in</strong></span> <span class='ocrx_word' id='word_1_406' title='bbox 1900 3561 2179 3624; x_wconf 75' lang='lat' dir='ltr'><strong>specubus.</strong></span> 
     </span>
    </p>

    <p class='ocr_par' dir='ltr' id='par_1_14' title="bbox 1715 3634 2780 4077">
     <span class='ocr_line' id='line_1_74' title="bbox 1782 3634 2780 3704; baseline 0.008 -22"><span class='ocrx_word' id='word_1_407' title='bbox 1782 3634 1867 3684; x_wconf 81' lang='lat' dir='ltr'><strong>Sic</strong></span> <span class='ocrx_word' id='word_1_408' title='bbox 1892 3637 2103 3686; x_wconf 80' lang='lat' dir='ltr'><strong>Curtius</strong></span> <span class='ocrx_word' id='word_1_409' title='bbox 2120 3638 2211 3686; x_wconf 89' lang='lat' dir='ltr'><strong>lib.</strong></span> <span class='ocrx_word' id='word_1_410' title='bbox 2248 3651 2345 3688; x_wconf 76' lang='lat' dir='ltr'><strong>vn.</strong></span> <span class='ocrx_word' id='word_1_411' title='bbox 2378 3638 2397 3668; x_wconf 84' lang='lat'>‘</span> <span class='ocrx_word' id='word_1_412' title='bbox 2418 3639 2603 3689; x_wconf 79' lang='lat' dir='ltr'><strong>Tritici</strong></span> <span class='ocrx_word' id='word_1_413' title='bbox 2634 3639 2780 3704; x_wconf 84' lang='lat' dir='ltr'><strong>nihil,</strong></span> 
     </span>
     <span class='ocr_line' id='line_1_75' title="bbox 1718 3711 2775 3777; baseline 0.006 -19"><span class='ocrx_word' id='word_1_414' title='bbox 1718 3715 1812 3758; x_wconf 87' lang='lat' dir='ltr'><strong>aut</strong></span> <span class='ocrx_word' id='word_1_415' title='bbox 1830 3711 2107 3761; x_wconf 84' lang='lat' dir='ltr'><strong>admodum</strong></span> <span class='ocrx_word' id='word_1_416' title='bbox 2138 3713 2381 3775; x_wconf 75' lang='lat' dir='ltr'><strong>exiguum</strong></span> <span class='ocrx_word' id='word_1_417' title='bbox 2403 3715 2775 3777; x_wconf 87' lang='lat' dir='ltr'><strong>reperiebatur.</strong></span> 
     </span>
     <span class='ocr_line' id='line_1_76' title="bbox 1715 3783 2780 3853; baseline 0.008 -22"><span class='ocrx_word' id='word_1_418' title='bbox 1715 3783 1859 3835; x_wconf 77' lang='lat' dir='ltr'><strong>Siros</strong></span> <span class='ocrx_word' id='word_1_419' title='bbox 1898 3788 2153 3837; x_wconf 81' lang='lat' dir='ltr'><strong>vocabant</strong></span> <span class='ocrx_word' id='word_1_420' title='bbox 2190 3786 2418 3849; x_wconf 87' lang='lat' dir='ltr'><strong>barbari,</strong></span> <span class='ocrx_word' id='word_1_421' title='bbox 2438 3803 2564 3853; x_wconf 82' lang='lat' dir='ltr'><strong>quos</strong></span> <span class='ocrx_word' id='word_1_422' title='bbox 2584 3789 2659 3839; x_wconf 83' lang='lat' dir='ltr'><strong>ita</strong></span> <span class='ocrx_word' id='word_1_423' title='bbox 2700 3805 2780 3840; x_wconf 87' lang='lat' dir='ltr'><strong>so-</strong></span> 
     </span>
     <span class='ocr_line' id='line_1_77' title="bbox 1718 3858 2778 3929; baseline 0.011 -25"><span class='ocrx_word' id='word_1_424' title='bbox 1718 3858 1881 3908; x_wconf 89' lang='lat' dir='ltr'><strong>lerter</strong></span> <span class='ocrx_word' id='word_1_425' title='bbox 1912 3860 2256 3924; x_wconf 82' lang='lat' dir='ltr'><strong>abscondunt,</strong></span> <span class='ocrx_word' id='word_1_426' title='bbox 2276 3869 2336 3910; x_wconf 89' lang='lat' dir='ltr'><strong>ut</strong></span> <span class='ocrx_word' id='word_1_427' title='bbox 2372 3863 2469 3913; x_wconf 86' lang='lat' dir='ltr'><strong>nisi</strong></span> <span class='ocrx_word' id='word_1_428' title='bbox 2508 3865 2595 3929; x_wconf 85' lang='lat' dir='ltr'><strong>qni</strong></span> <span class='ocrx_word' id='word_1_429' title='bbox 2630 3862 2778 3915; x_wconf 79' lang='lat' dir='ltr'><strong>defo-</strong></span> 
     </span>
     <span class='ocr_line' id='line_1_78' title="bbox 1715 3933 2776 4002; baseline 0.008 -20"><span class='ocrx_word' id='word_1_430' title='bbox 1715 3933 1924 3997; x_wconf 86' lang='lat' dir='ltr'><strong>derunt,</strong></span> <span class='ocrx_word' id='word_1_431' title='bbox 1958 3935 2189 3986; x_wconf 81' lang='lat' dir='ltr'><strong>iuveuire</strong></span> <span class='ocrx_word' id='word_1_432' title='bbox 2226 3951 2329 3986; x_wconf 86' lang='lat' dir='ltr'><strong>non</strong></span> <span class='ocrx_word' id='word_1_433' title='bbox 2354 3940 2564 4002; x_wconf 80' lang='lat' dir='ltr'><strong>possint.</strong></span> <span class='ocrx_word' id='word_1_434' title='bbox 2630 3941 2693 3990; x_wconf 90' lang='lat' dir='ltr'><strong>In</strong></span> <span class='ocrx_word' id='word_1_435' title='bbox 2714 3941 2776 3990; x_wconf 77' lang='lat' dir='ltr'><strong>iis</strong></span> 
     </span>
     <span class='ocr_line' id='line_1_79' title="bbox 1716 4010 2462 4077; baseline 0.008 -17"><span class='ocrx_word' id='word_1_436' title='bbox 1716 4010 1940 4061; x_wconf 66' lang='lat' dir='ltr'><strong>conditae</strong></span> <span class='ocrx_word' id='word_1_437' title='bbox 1963 4011 2139 4077; x_wconf 79' lang='lat' dir='ltr'><strong>fruges</strong></span> <span class='ocrx_word' id='word_1_438' title='bbox 2160 4015 2345 4075; x_wconf 89' lang='lat' dir='ltr'><strong>erant,’</strong></span> <span class='ocrx_word' id='word_1_439' title='bbox 2364 4019 2462 4067; x_wconf 70' lang='lat' dir='ltr'><strong>dre.</strong></span> 
     </span>
    </p>

    <p class='ocr_par' dir='ltr' id='par_1_15' title="bbox 1717 4087 2780 4310">
     <span class='ocr_line' id='line_1_80' title="bbox 1780 4087 2777 4152; baseline 0.007 -17"><span class='ocrx_word' id='word_1_440' title='bbox 1780 4087 2140 4150; x_wconf 73' lang='lat' dir='ltr'><strong>Receptacuelum</strong></span> <span class='ocrx_word' id='word_1_441' title='bbox 2148 4089 2401 4152; x_wconf 63' lang='lat' dir='ltr'><strong>,fr-ugilius]</strong></span> <span class='ocrx_word' id='word_1_442' title='bbox 2420 4090 2639 4140; x_wconf 81' lang='lat' dir='ltr'><strong>Fodiunt</strong></span> <span class='ocrx_word' id='word_1_443' title='bbox 2652 4087 2777 4143; x_wconf 80' lang='lat' dir='ltr'><strong>Gal-</strong></span> 
     </span>
     <span class='ocr_line' id='line_1_81' title="bbox 1717 4161 2777 4230; baseline 0.008 -21"><span class='ocrx_word' id='word_1_444' title='bbox 1717 4161 1757 4210; x_wconf 87' lang='lat' dir='ltr'><strong>li</strong></span> <span class='ocrx_word' id='word_1_445' title='bbox 1795 4163 1958 4211; x_wconf 85' lang='lat' dir='ltr'><strong>nostri</strong></span> <span class='ocrx_word' id='word_1_446' title='bbox 1991 4163 2265 4214; x_wconf 82' lang='lat' dir='ltr'><strong>etiamnum</strong></span> <span class='ocrx_word' id='word_1_447' title='bbox 2301 4166 2545 4230; x_wconf 84' lang='lat' dir='ltr'><strong>quasdam</strong></span> <span class='ocrx_word' id='word_1_448' title='bbox 2577 4165 2777 4229; x_wconf 81' lang='lat' dir='ltr'><strong>foveas,</strong></span> 
     </span>
     <span class='ocr_line' id='line_1_82' title="bbox 1721 4239 2780 4310; baseline 0.006 -22"><span class='ocrx_word' id='word_1_449' title='bbox 1721 4249 1815 4288; x_wconf 82' lang='lat' dir='ltr'><strong>acu</strong></span> <span class='ocrx_word' id='word_1_450' title='bbox 1850 4245 2003 4290; x_wconf 86' lang='lat' dir='ltr'><strong>antra</strong></span> <span class='ocrx_word' id='word_1_451' title='bbox 2035 4239 2392 4308; x_wconf 78' lang='lat' dir='ltr'><strong>subterranea,</strong></span> <span class='ocrx_word' id='word_1_452' title='bbox 2426 4242 2480 4292; x_wconf 86' lang='lat' dir='ltr'><strong>in</strong></span> <span class='ocrx_word' id='word_1_453' title='bbox 2498 4243 2683 4310; x_wconf 81' lang='lat' dir='ltr'><strong>quibua</strong></span> <span class='ocrx_word' id='word_1_454' title='bbox 2704 4243 2780 4294; x_wconf 84' lang='lat' dir='ltr'><strong>in-</strong></span> 
     </span>
    </p>
   </div>
  </div>
 </body>
</html>
