3175 4934
1088 422 1499 484 soareom,
1548 424 1715 472 cn.
1759 408 1826 473 9.

2373 406 2584 475 8467‘

1356 604 1567 662 NOTAE

354 737 467 802 puli
509 743 757 801 tractant,
798 739 885 790 alli
922 742 1069 805 pacis
1104 740 1301 792 artibus
1338 742 1413 791 iu-

350 820 645 875 struuntur,
683 816 769 864 alii
805 816 947 878 belli,
983 818 1159 880 plures
1192 818 1413 882 neutris,

352 890 443 939 vix
465 892 731 954 quisquam
770 894 1021 958 utrisque.
1086 896 1216 947 Cum
1238 904 1413 945 tamen

350 964 539 1027 singuli
577 967 719 1015 cives
762 968 841 1018 ita
882 983 940 1019 se
984 984 1287 1035 comparare
1326 971 1414 1021 de·

352 1037 527 1103 beant,
549 1048 607 1091 ut
644 1057 798 1107 quem
838 1047 1130 1110 respublica
1161 1054 1413 1097 armatum

350 1114 580 1166 hostibus
594 1122 1234 1188 opposuiueundemfflace
1246 1132 1414 1187 parta,

354 1190 599 1253 regenda
636 1196 953 1245 multitudini
990 1204 1225 1263 togatum
1252 1201 1414 1263 impo-

352 1272 461 1315 nat.
495 1268 611 1317 Sive
631 1270 740 1333 illo,
758 1273 867 1321 sive
890 1274 987 1323 hoc
1016 1288 1147 1337 opus
1169 1281 1265 1337 est,
1286 1290 1414 1325 semp

352 1355 450 1404 per
520 1358 587 1393 ex
641 1346 753 1409 ejus
823 1350 1135 1411 amplissimo
1197 1357 1413 1414 pectore

353 1426 589 1481 promtet
622 1421 725 1471 vim
772 1424 995 1485 consilii,
1044 1433 1101 1475 et
1133 1425 1323 1476 habeat
1352 1426 1413 1475 il-

352 1492 462 1541 lum
482 1494 643 1543 veluti
664 1509 891 1557 praesens
909 1512 1117 1563 numen,
1133 1507 1191 1549 et
1210 1500 1413 1563 insigne

350 1566 659 1633 firmumque
690 1573 1005 1635 praesidium.
1069 1574 1147 1625 At
1182 1590 1273 1625 nos
1310 1578 1413 1627 ista

351 1643 686 1709 sejungimus,
708 1654 766 1696 et
805 1662 959 1697 unum
995 1664 1063 1699 ex
1090 1651 1201 1700 istis
1230 1650 1413 1715 deligi-

350 1736 488 1783 mus,
526 1729 773 1789 tanquam
815 1742 971 1778 unum
1010 1729 1196 1793 patrie
1226 1728 1413 1778 debea-

350 1810 487 1859 mus,
510 1810 613 1846 non
637 1800 825 1851 omnia.
890 1804 964 1854 Et
985 1804 1191 1867 quidem
1214 1804 1413 1854 hodier-

352 1884 435 1921 na
470 1872 759 1924 nobilitatis
795 1876 873 1927 ita
908 1892 965 1927 se
998 1894 1166 1929 mores
1200 1878 1413 1943 habent,

352 1954 413 1997 ut
456 1949 572 2011 ipsa
614 1950 737 1999 nihil
790 1966 847 1999 se
902 1952 1043 2001 aliud
1084 1968 1199 2003 esse
1243 1960 1414 2017 putet,

354 2044 509 2095 qnam
544 2030 873 2082 seminarium
906 2032 1121 2084 militiae.
1186 2034 1292 2083 Sed
1322 2048 1417 2084 cur

352 2118 455 2155 non
508 2112 567 2155 et
618 2108 1011 2171 magistratuum
1068 2110 1417 2159 urbanorum?

355 2180 521 2231 Quam
564 2181 703 2231 enim
748 2183 1005 2247 Rempub.
1045 2186 1202 2234 armis
1244 2190 1417 2248 prote·

354 2258 575 2321 gendum
620 2259 927 2323 suscipiunt,
963 2262 1095 2311 hanc
1140 2262 1285 2325 prius
1326 2276 1415 2312 ne-

350 2346 493 2383 eesse
512 2332 616 2384 fuit
635 2332 842 2385 fundari
868 2334 1085 2399 legibus,
1118 2338 1297 2386 iisdem
1332 2352 1415 2387 ro·

354 2406 527 2458 borari
571 2416 731 2473 atque
778 2410 1237 2475 aeternari.1psc
1278 2412 1415 2475 prin·

352 2496 497 2546 ceps,
522 2485 657 2548 quod
692 2492 771 2534 est
800 2492 943 2549 caput
980 2486 1162 2551 reipub.
1203 2488 1323 2536 telis
1357 2494 1415 2537 et

352 2556 581 2607 brachiis
616 2560 798 2610 inserit
816 2562 951 2611 bona
970 2562 1198 2625 auspiciu,
1226 2563 1281 2613 id
1316 2571 1415 2627 est,

352 2631 515 2683 fortia
546 2636 796 2696 consilia;
838 2651 1005 2701 neque
1044 2640 1205 2688 solum
1242 2640 1413 2703 armis,

352 2708 449 2756 sed
493 2716 551 2757 et
590 2708 787 2773 legibus
831 2718 1079 2774 armatur,
1114 2722 1175 2763 ut
1211 2714 1265 2763 ln
1298 2716 1413 2779 ipso

352 2782 501 2833 aditu
515 2784 641 2847 jura
660 2786 900 2838 clamant.
965 2788 1235 2837 Palladem
1252 2790 1415 2838 solers

352 2858 633 2922 antiquitas
670 2866 725 2909 et
768 2862 1059 2915 Minervam
1082 2875 1233 2909 uuam
1254 2860 1415 2922 feeit3

351 2947 645 2997 quanquam
668 2934 864 2995 duplici
890 2934 1173 2985 functione.
1208 2936 1417 2999 Quippe

352 3008 557 3055 natales
576 3009 689 3071 ejus
706 3012 825 3069 olea,
840 3010 1022 3073 triplex
1038 3012 1201 3073 vestis,
1214 3017 1385 3061 noctae
1398 3028 1419 3071 ,·

352 3080 487 3141 haec,
504 3081 631 3145 quid
652 3089 771 3132 sunt
808 3084 962 3146 aliud,
983 3084 1080 3133 uisi
1110 3085 1419 3135 documenta

353 3156 625 3219 sapientias
658 3165 713 3207 et
751 3160 891 3223 pacis
926 3161 1150 3210 artium?
1184 3161 1258 3209 At
1274 3163 1418 3222 galea

350 3230 570 3294 ιπάοιια,
592 3233 747 3294 heda,
782 3236 920 3297 agis,
959 3236 1173 3298 Gorgon,
1205 3237 1413 3285 laudum

356 3308 653 3360 bellicarum
695 3311 935 3375 insignia.
1004 3312 1137 3361 Haec
1176 3319 1283 3362 tam
1308 3313 1414 3361 alte

352 3389 477 3432 sont
500 3386 785 3441 commissa,
823 3387 988 3449 unita,
1033 3393 1089 3435 et
1124 3395 1415 3450 compacta,

353 3462 415 3505 ut
452 3456 621 3507 altero
666 3458 943 3519 labefacto,
970 3468 1246 3525 utrumque
1280 3468 1412 3511 ruat.

354 3531 497 3583 Hinc
520 3539 604 3582 est
624 3536 761 3598 quod
800 3536 967 3599 prisca
1000 3537 1253 3599 sapientia
1276 3536 1415 3585 Maia

352 3614 477 3657 nato
498 3608 779 3671 Mercurio,
800 3611 949 3659 simul
980 3617 1038 3659 et
1063 3610 1299 3672 Herculi,
1312 3620 1416 3660 sta-

354 3691 473 3735 tuas
514 3688 719 3750 posuit;
754 3689 845 3751 illi,
879 3695 939 3737 ut
977 3688 1189 3737 rationis
1210 3695 1265 3737 et
1304 3703 1413 3737 ora-

352 3760 511 3811 tionis
552 3765 794 3826 praesidi3
828 3764 967 3827 huic,
1004 3771 1065 3814 ut
1108 3765 1305 3814 roboris
1340 3764 1413 3814 vi·

352 3836 590 3901 riumque
613 3845 667 3887 et
692 3840 815 3887 belli
834 3841 965 3890 Deo.
1014 3840 1197 3891 AEdem
1214 3841 1417 3891 Hercu·

352 3911 417 3960 lis
440 3918 497 3960 et
518 3913 787 3961 Musarum
810 3914 941 3963 fecit
961 3916 1015 3963 in
1050 3918 1205 3966 Circo
1228 3917 1413 3967 Flami-

352 3987 442 4036 nio
461 3987 669 4039 Fulvius
693 3988 947 4039 Nobilior.
1016 3992 1231 4055 Signum
1248 3991 1413 4055 Apol-

352 4062 475 4114 linis
494 4064 545 4114 iu
567 4066 701 4116 Delo
720 4068 967 4129 dicatum,
985 4068 1199 4120 dextera
1218 4086 1415 4133 arcum,

352 4138 490 4189 laeva
526 4141 715 4203 gratias
760 4143 1017 4205 gestabat.
1078 4145 1417 4195 Archilochus

354 4213 501 4283 apud
538 4217 732 4270 Athen.
772 4219 811 4267 l.
850 4232 930 4272 ιτ.
974 4220 1049 4269 sie
1086 4222 1421 4285 gloriabatur.

1494 744 1510 773 ⁶
1530 742 1600 792 Et
1641 742 1794 793 clueo
1835 742 2005 791 cultro
2049 740 2258 805 Martis,
2299 740 2577 807 fortisque‘

1494 817 1736 878 satelles3
1773 814 1946 883 Atque
1987 822 2126 865 artes
2167 830 2324 865 mnsoe
2357 831 2440 865 me
2461 817 2552 865 do·

1494 886 1856 955 enen-efficias?
1913 891 2070 957 Apud
2109 894 2318 944 Luclau.
2340 896 2393 942 in
2427 894 2551 959 Scy-

1496 970 1605 1030 tha,
1629 973 1801 1018 statua
1821 968 2044 1018 Toxaris
2071 968 2205 1017 loeva
2233 984 2382 1019 manu
2407 974 2556 1018 tenet

1494 1058 1688 1104 arcum,
1741 1043 1928 1092 dextra
1979 1042 2188 1093 librum.
2266 1043 2350 1093 Sic
2396 1043 2554 1093 Plato

1494 1120 1531 1170 l.
1554 1132 1642 1169 111.
1677 1118 1746 1169 de
1789 1118 1993 1184 Repub.
2032 1119 2199 1168 sociat
2234 1113 2297 1165 τδ
2325 1116 2555 1177 vementis

1493 1194 1571 1243 καὶ
1590 1194 1650 1243 τὸ
1671 1192 1950 1258 φιλόσοφον,
1975 1194 2348 1259 conjungitque
2381 1195 2434 1244 in
2470 1209 2555 1257 eo,

1494 1272 1583 1335 qui
1608 1278 1755 1334 regat
1774 1285 1936 1333 remp.
1954 1271 2340 1335 Gymnasticam
2357 1278 2413 1319 et
2437 1272 2556 1321 Mu·

1494 1346 1676 1395 sicam.
1721 1346 1844 1395 Hoc
1866 1346 2028 1395 voluit
2051 1348 2220 1410 posita
2239 1355 2364 1396 ante
2385 1346 2555 1407 uadem

1494 1422 1766 1472 Castorum
1821 1429 1998 1472 statua
2059 1423 2314 1487 equestris
2373 1430 2556 1486 togata

1493 1499 1561 1550 Q.
1586 1499 1772 1547 Marcii
1786 1498 2016 1547 Tremuli
2037 1497 2176 1562 apud
2197 1498 2334 1548 Plin.
2351 1511 2554 1549 xxxiv.

1492 1578 1541 1622 6.
1562 1575 1644 1623 Ex
1666 1574 1934 1624 Plutarch.
1949 1572 2215 1639 Apophth.
2239 1574 2368 1624 Lac.
2391 1574 2552 1639 prisci

1492 1649 1856 1701 sacrificabant
1897 1651 2056 1699 musis
2099 1656 2220 1699 ante
2253 1650 2554 1711 discrimen,

1494 1732 1551 1774 ut
1572 1726 1812 1777 consulta
1831 1725 1922 1787 sio,
1955 1740 2204 1789 prospero
2237 1725 2422 1774 Martis
2445 1724 2552 1773 exi-

1494 1808 1571 1865 tu,
1612 1800 2029 1852 terminarentur.
2112 1801 2294 1851 Sciant
2349 1800 2552 1849 nobiles

1494 1876 1660 1927 nostri
1729 1878 1946 1939 primam
2015 1876 2278 1926 cohortem
2339 1873 2554 1937 legionis

1497 1952 1648 2002 Rom.
1684 1966 1799 2015 que
1843 1952 2070 2001 milliaria
2111 1952 2272 2015 dicta,
2310 1952 2555 2015 quaesisse

1494 2028 1634 2077 viros
1673 2042 1865 2092 genere
1901 2034 2056 2091 atque
2091 2026 2418 2077 institutione
2437 2026 2554 2075 lite·

1496 2117 1672 2152 rarum
1702 2103 2032 2166 clarissimos,
2075 2116 2144 2151 ne
2181 2101 2370 2155 feriato
2410 2100 2552 2152 ferro

1494 2179 1694 2228 animus
1715 2180 1986 2229 otiaretur.
2027 2177 2110 2229 An
2128 2185 2236 2227 tam
2257 2184 2470 2241 anguste
2493 2190 2552 2227 se

1493 2261 1646 2304 natos
1679 2262 1886 2318 putant,
1917 2260 1978 2304 ut
2017 2256 2182 2305 solum
2211 2251 2554 2317 profiteantur

1494 2327 1760 2380 feritatem
1809 2337 1866 2379 et
1910 2328 2312 2379 truculentiam?
2367 2328 2556 2377 Cicero

1496 2402 1603 2453 Off.
1643 2405 1678 2453 l.
1715 2418 1754 2454 1.
1797 2404 1812 2433 ‘
1837 2404 1958 2454 Non
1986 2405 2150 2453 solum
2170 2402 2414 2465 scientia,
2435 2417 2551 2467 que

1495 2486 1575 2530 est
1617 2486 1814 2531 remota
1845 2495 1876 2529 a
1903 2480 2132 2542 justitia,
2167 2479 2424 2529 calliditas
2463 2492 2554 2542 po·

1494 2553 1616 2616 tius,
1636 2570 1791 2621 quam
1813 2555 2071 2618 sapientia
2094 2562 2174 2604 est
2209 2552 2554 2619 appellanda;

1495 2646 1674 2681 verum
1711 2632 1872 2682 etiam
1913 2632 2112 2681 animus
2139 2631 2208 2679 ad
2249 2630 2554 2695 perieulum,

1494 2708 1537 2756 si
1560 2722 1656 2757 sua
1686 2708 1996 2771 cupiditate,
2014 2721 2118 2757 non
2137 2708 2396 2757 communi
2417 2707 2556 2757 utili-

1496 2787 1607 2831 tate
1649 2782 1950 2843 impellitur,
1989 2780 2222 2831 audaeioe
2259 2781 2432 2845 potius
2464 2796 2555 2831 no·

1495 2870 1614 2905 men
1634 2854 2014 2918 habeat‚quam
2036 2854 2388 2905 fortitudinis.’
2441 2855 2554 2905 Hos

1496 2936 1644 2978 certe
1686 2928 1854 2989 laudo,
1898 2929 1986 2989 qui
2033 2928 2240 2989 sapiunt
2279 2928 2554 2991 sciuntque

1496 3004 1732 3067 ‘justum
1786 3003 1984 3063 gemina
2042 3003 2358 3065 suspendere
2405 3003 2556 3052 lance

1496 3078 1756 3142 Ancipitis
1772 3079 1947 3129 libra?
1982 3078 2088 3129 Sed
2111 3078 2276 3127 minus
2295 3078 2558 3143 laudandi,

1497 3156 1541 3204 si
1574 3156 1674 3205 hoc
1698 3154 1857 3204 decus
1900 3168 1964 3203 eo
2005 3154 2170 3203 limite
2207 3154 2416 3211 sistunt,
2455 3168 2553 3204 nee

1494 3230 1735 3279 nituntur
1755 3230 1819 3279 ad
1842 3244 2092 3277 summum
2119 3228 2298 3289 decus,
2327 3243 2389 3278 ac
2423 3242 2556 3292 pra-

1493 3313 1643 3355 texta
1659 3320 1759 3354 non
1782 3311 2010 3354 mutetur
2027 3303 2410 3367 paludamento,
2426 3318 2554 3355 nun-

1494 3396 1650 3445 quam
1688 3388 1810 3443 toga
1842 3395 1982 3442 sago.
2031 3384 2047 3408 ‘
2072 3380 2208 3429 Nam
2233 3393 2298 3428 ex
2331 3385 2554 3445 utroque

1496 3456 1705 3519 Caesar,’
1751 3464 1804 3505 et
1844 3456 2123 3519 princeps:
2179 3456 2300 3504 hinc
2340 3455 2355 3484 ‘
2377 3457 2553 3506 omnia

1495 3532 1669 3582 Caesar
1706 3530 1854 3580 erat!
1920 3532 2000 3579 Ex
2037 3544 2232 3580 summa
2253 3530 2342 3579 illa
2361 3538 2417 3579 et
2439 3544 2554 3595 per-

1496 3614 1657 3670 petua
1690 3606 1975 3655 calliditate
2001 3606 2137 3667 juris
2177 3607 2312 3655 mala
2352 3604 2555 3655 infinita

1494 3684 1781 3747 pullulant:
1815 3682 1866 3730 in
1907 3683 2116 3729 aeternis
2151 3696 2205 3729 se
2227 3681 2459 3745 imperiis
2477 3682 2552 3731 lo-
2593 3702 2600 3707 ·

1496 3767 1640 3807 catos
1663 3766 1847 3821 putant
1853 3756 2081 3820 judices,
2098 3765 2152 3805 et
2171 3758 2334 3821 magis
2359 3758 2553 3808 callent

1494 3834 1559 3883 ad
1599 3843 1876 3897 questum,
1907 3846 2066 3895 quarn
2098 3833 2165 3880 ad
2191 3833 2298 3893 jus.
2367 3833 2412 3881 E
2439 3833 2552 3883 diu-

1495 3916 1648 3960 turno
1691 3911 1780 3959 illo
1818 3912 2007 3957 honore
2052 3916 2354 3957 assuescunt
2391 3908 2554 3958 domi-

1492 3986 1690 4035 nationi
1729 3986 1953 4047 iniquae5
1987 3992 2242 4047 perpetua
2270 3984 2554 4034 auctoritas

1494 4060 1666 4111 flectit
1709 4061 2032 4123 majestatem
2068 4062 2235 4123 legum
2277 4060 2342 4109 ad
2382 4060 2556 4110 studia

1496 4144 1726 4201 quoestus
1758 4136 2114 4199 privatamque
2133 4135 2418 4185 rationem:
2451 4147 2556 4187 man

1494 4214 1688 4279 iltioni,
1709 4220 1802 4263 ant
1827 4210 1984 4261 etiam
2003 4216 2186 4273 aperte
2216 4207 2553 4277 iniqquuris
