3175 4934
2410 364 2607 439 3727:

392 528 589 594 nibus
609 526 912 612 juvence,
955 525 1125 607 jam³
1177 525 1389 591 forum
1431 524 1869 606 ingressuri,4·
1898 524 2277 591 confirmare
2324 529 2391 591 et
2418 528 2605 611 alere,

391 630 652 712 ingenia
702 648 824 693 sua
869 626 1046 690 soliti
1099 628 1268 691 sint:
1333 646 1546 710 neque
1593 628 1765 689 enim
1818 630 1961 689 arte
2010 633 2081 690 et
2124 629 2424 707 scientia,
2470 630 2593 697 sed

388 732 584 813 longe
627 730 848 811 magis
891 727 1208 791 facultate
1257 727 1703 811 eloquentiam
1755 730 2093 805 contineri,
2121 748 2241 793 nec
2286 735 2381 805 tu,
2406 718 2593 814 puto,

394 834 668 909 abnueS‚
699 836 766 895 et
793 831 860 894 hi
890 829 1271 910 significare
1301 829 1486 893 vultu
1519 830 1842 894 videntur.
2586 889 2601 911 ,

478 931 762 1008 Deinde,
789 951 936 995 cum
986 928 1200 1013 Aper⁵
1247 936 1314 995 et
1361 931 1709 996 Secundus
1757 931 1931 995 idem
1966 931 2373 1008 annuissent,
2405 928 2601 1011 Mes-⁸

390 1034 554 1110 sala,
587 1034 782 1116 quasi
820 1052 1042 1097 rursus
1073 1033 1443 1115 incipiens:
1506 1031 1847 1109 Quoniam
1876 1032 2065 1097 initia
2099 1039 2165 1095 et
2192 1032 2449 1117 semina
2475 1054 2591 1099 ve·

387 1133 546 1199 teris
572 1134 964 1217 eloquentiae
1007 1134 1174 1197 satis
1217 1132 1695 1199 demonstrasse
1724 1132 1979 1209 videor,
2010 1132 2311 1215 docendo
2342 1135 2587 1218 quibus

389 1235 638 1299 artibus
670 1234 922 1317 antiqui
965 1240 1259 1298 oratores
1291 1236 1552 1299 institui
1598 1233 1979 1317 erudirique
2008 1234 2184 1299 soliti
2228 1237 2392 1315 sint3
2440 1256 2594 1319 per-‚

389 1354 630 1419 sequar
654 1354 828 1399 nunc
857 1335 1386 1400 exercitationes⁶
1417 1355 1666 1401 eorum.
1715 1334 2114 1419 Quanquam
2140 1338 2315 1419 ipsis
2332 1339 2589 1403 artibus

384 1436 556 1501 inest
597 1438 1012 1513 exercitatio,
1058 1455 1184 1500 nec
1235 1436 1597 1519 quisquam
1654 1437 1991 1519 percipere
2038 1442 2136 1501 tot
2183 1438 2593 1525 reconditas»,

385 1544 499 1602 aut
527 1543 692 1602 tam⁷
721 1539 964 1615 variaS,
993 1558 1100 1601 res
1148 1543 1388 1621 potest,
1419 1539 1548 1601 nisi
1590 1536 1693 1605 ut*
1724 1538 2021 1603 scientiae
2052 1537 2415 1619 meditatio,
2444 1560 2585 1605 me-

383 1637 688 1713 ditationi
704 1639 1014 1717 facultaS,
1030 1640 1328 1704 facultati
1353 1642 1484 1703 vis⁹
1506 1638 1897 1723 eloquentiae
1924 1638 2243 1703 accedat:
2290 1659 2407 1721 per
2426 1659 2581 1723 quae

385 1740 728 1822 colligitur,
761 1734 1033 1805 eandem
1083 1760 1230 1804 esse
1269 1742 1607 1805 rationemt
1656 1746 1726 1806 et
1769 1739 2201 1825 percipiendi,
2230 1760 2385 1823 quae
2423 1761 2581 1824 pro-

381 1838 581 1917 feras,
612 1847 678 1906 et
703 1841 1098 1926 proferendi,
1127 1862 1280 1924 quae
1309 1843 1709 1926 perceperis,
1800 1841 1959 1918 Sed,
1984 1840 2171 1905 sicui
2195 1840 2583 1905 obscuriora

381 1940 528 2021 haec
557 1942 882 2019 videntur,
914 1946 1102 2026 isque
1133 1942 1474 2008 scientiam
1527 1946 1614 2007 ab
1662 1942 2130 2007 exercitatione
2156 1931 2474 2023 separat‚¹¹
2504 1940 2589 2010 id.

380 2046 552 2117 Qerte
593 2044 934 2121 concedet,
984 2045 1370 2109 instructum
1411 2050 1480 2108 et
1523 2046 1794 2128 plenum
1842 2042 1947 2107 his
1994 2042 2245 2107 artibus
2284 2040 2579 2123 animum

1086 376 1486 442 minoem,
1535 375 1695 427 cu».
1740 360 1849 427 33.

1297 2268 1324 2287 0
1331 2266 1653 2287 ONOOOOOOOO

375 2414 547 2450 remus.
581 2401 886 2450 Emesa—³
920 2400 1134 2465 Bipont.
1154 2400 1261 2461 jem
1291 2398 1532 2459 etfmm.
1598 2398 1729 2448 Mihi
1750 2404 1799 2448 et
1821 2399 2095 2448 delendum
2116 2398 2337 2448 videtur.
2400 2398 2490 2449 Sic
2514 2402 2589 2448 et*

373 2466 603 2515 Schulze.
641 2466 902 2514 ωσι-4
933 2465 1020 2515 Sic
1045 2466 1146 2513 Me.
1169 2464 1342 2514 vatic.
1376 2468 1520 2514 1862.
1557 2464 1827 2512 Brotierun
1852 2462 2119 2527 ceterique
2164 2463 2403 2511 Editores
2444 2463 2573 2512 dant

371 2528 688 2639 infreme-5
723 2529 990 2578 Brotierns
1013 2544 1045 2577 a
1067 2530 1195 2578 Mes.
1219 2529 1388 2577 vatic.
1415 2528 1541 2589 Aper
1571 2542 1745 2591 quoque
1767 2532 1931 2576 ete-6
1966 2526 2050 2576 Ita
2089 2526 2212 2577 Mes.
2234 2526 2405 2575 vatic.
2433 2526 2579 2575 Libri

373 2606 404 2640 e
445 2592 502 2639 iti
525 2594 936 2643 exereitationem:
969 2594 1042 2641 ric
1068 2592 1236 2656 Ryck.
1259 2591 1671 2641 et·Gronov.—⁷
1708 2592 1997 2640 Heumann.
2018 2606 2076 2639 αι·
2106 2594 2318 2640 tome-8
2358 2590 2427 2639 Ue
2448 2589 2573 2639 Aei-

376 2655 544 2707 datin·
559 2655 720 2706 deleri
741 2657 964 2708 volebat.
1030 2657 1271 2720 Huetius,
1291 2656 1388 2707 nisi
1421 2659 1588 2705 «ει-9
1624 2655 1821 2705 Acidal.
1846 2670 1959 2705 uae
1979 2670 2075 2719 pro
2093 2657 2185 2704 vie.

1366 2832 1584 2882 NOTAE

1507 2974 1697 3024 artium
1719 2981 1775 3025 et
1807 2973 2174 3036 cognitionum,
2202 2971 2363 3021 veluti
2388 2974 2573 3035 praelu-

417 2996 424 3005 ·
485 2978 700 3028 Eandem
717 2992 814 3029 etse
829 2980 1082 3044 rationem]
1112 2979 1318 3042 Nempe
1341 2992 1428 3026 ex·

1506 3048 1645 3098 ditur
1666 3049 1931 3099 altissimae
1955 3048 2315 3097 exercitationi
2340 3054 2394 3096 et
2427 3048 2573 3099 nobi·

371 3053 726 3105 excitationem
766 3061 822 3103 et
860 3054 1246 3103 meditationem
1270 3052 1430 3103 conti-

368 3143 520 3178 nuam
538 3145 551 3177 z
587 3143 690 3194 qna
707 3128 817 3179 scil.
836 3128 1204 3181 confirmentur
1219 3136 1274 3178 et
1288 3130 1427 3177 alan-

367 3202 714 3267 tur'ingenie.
782 3206 916 3254 Nam
956 3204 1215 3253 discendis
1248 3203 1431 3253 artibus

365 3280 490 3329 inest
529 3280 825 3340 exercitatio,
868 3286 924 3331 et
967 3286 1048 3329 tot
1085 3293 1167 3328 res
1203 3278 1428 3327 diversae

325 3410 338 3421 ‘
366 3354 636 3419 percipere
677 3368 780 3403 non
822 3346 1006 3417 potest‘
1035 3354 1263 3417 juvenis,
1305 3354 1428 3417 quin

367 3428 602 3479 scientiae
636 3430 712 3478 illi
746 3444 895 3494 quam
933 3430 1174 3494 percipit,
1211 3428 1428 3479 accedat

366 3504 655 3567 meditatio,
677 3504 999 3554 meditationi
1023 3502 1266 3567 facilitas,
1281 3509 1336 3552 et
1357 3504 1430 3552 fa-

365 3579 553 3629 cilitati
597 3581 906 3645 eloquentia.
973 3580 1237 3629 Discendo
1270 3588 1428 3641 artes,

365 3656 690 3719 meditamur,
733 3672 799 3705 ex
841 3657 1176 3707 meditatione
1219 3656 1428 3705 dicendi

366 3730 584 3782 facultas
606 3734 786 3793 oritur,
807 3748 873 3783 ex
907 3732 1157 3782 facultate
1193 3745 1317 3781 vero
1351 3731 1425 3779 di-

366 3806 516 3857 cendi
561 3808 635 3855 vis
670 3809 986 3872 eloquentiae
1027 3808 1272 3871 erumpit.
1335 3808 1424 3857 Sic

365 3884 525 3931 eadem
546 3882 671 3930 ratio
705 3889 804 3940 est,
838 3883 1072 3948 idemque
1093 3883 1220 3933 ordo
1243 3889 1296 3931 et
1321 3897 1422 3931 me-

369 3956 553 4006 thodus
614 3956 846 4005 discendi
926 3973 1040 4021 quae
1101 3958 1425 4021 pronunties,

365 4046 549 4095 nempe
569 4030 863 4079 meditando
882 4040 1034 4095 atque
1051 4032 1356 4094 exercendo,
1369 4040 1426 4082 et

366 4105 732 4170 pronuntiandi
775 4122 891 4171 quae
934 4106 1174 4156 didiceris
1209 4122 1269 4155 ac
1312 4122 1427 4181 per-

367 4174 602 4245 ceperis:
660 4182 773 4234 scil.
817 4181 1156 4233 meditatione
1209 4184 1424 4235 aliarum

1507 3126 1713 3175 lissima:
1739 3126 1930 3189 reginae
1954 3124 2139 3173 artium
2157 3122 2484 3186 eloquentia.

1569 3208 1593 3234 '¹
1626 3202 1889 3251 Scieutiam
1910 3201 1969 3249 ab
2007 3200 2341 3248 exercitatione
2360 3198 2572 3262 separat]

1505 3278 1640 3331 Quia
1661 3277 1795 3327 forte
1829 3284 2007 3345 potest
2027 3274 2158 3337 fieri,
2196 3282 2251 3323 ut
2282 3289 2381 3323 non
2402 3276 2575 3324 conci-

1503 3356 1631 3420 piat,
1652 3356 1869 3406 eandem
1896 3370 2007 3405 esse
2030 3355 2279 3404 rationem
2304 3354 2571 3419 utriunque

1505 3431 1887 3481 meditationis:
1924 3436 2095 3497 potest
2120 3429 2251 3493 fieri,
2286 3436 2346 3480 ut
2368 3429 2567 3479 artibus

1505 3507 1679 3557 multis
1720 3514 1776 3557 et
1810 3507 1964 3556 variis
1988 3506 2216 3555 eruditus
2255 3505 2455 3571 aliquis,
2480 3520 2570 3567 pa·

1507 3597 1621 3631 rum
1644 3583 1713 3631 sit
1736 3584 2055 3632 exercitatus
2092 3580 2336 3644 dicendo,
2360 3588 2449 3629 aut
2473 3581 2572 3631 eti·

1507 3673 1588 3707 am
1614 3659 1913 3709 meditando
1934 3679 1947 3721 ;
1998 3672 2061 3707 ea
2083 3658 2193 3707 scil.
2227 3658 2443 3718 ratione,
2464 3670 2567 3721 qua

1505 3736 1775 3799 percipere
1795 3741 1848 3785 et
1872 3734 2103 3800 proferre
2124 3740 2244 3797 apte
2262 3733 2427 3798 possit
2448 3747 2587 3797 quaa,

1505 3813 1783 3861 meditatus
1828 3810 2005 3863 fuerit.
2072 3810 2319 3863 Attamen
2362 3810 2447 3875 qui
2486 3810 2568 3859 his

1503 3888 1678 3939 multis
1701 3888 1895 3937 artibus
1918 3888 2126 3951 plenum
2164 3893 2219 3935 et
2258 3886 2569 3937 instructum

1506 3968 1693 4025 pectus
1729 3962 1903 4024 habet,
1933 3964 2043 4025 jam
2076 3968 2220 4009 certe
2246 3960 2393 4021 longe
2416 3970 2568 4021 para-

1505 4038 1609 4087 tior
1648 4040 1827 4089 veniet
1866 4038 1933 4089 ad
1970 4034 2369 4087 exercitationes
2399 4038 2569 4085 orato·

1505 4114 1626 4167 riae.
1662 4116 1667 4121 ’
