3175 4934
1350 309 1447 412 uu
1494 343 1978 408 ouavomsus

1588 589 1805 642 NOTAE

580 715 699 769 qum
738 703 848 750 tam
892 699 1049 752 facile
1090 706 1148 752 et
1186 713 1407 766 pronum
1446 708 1531 753 est
1564 703 1650 754 bic

576 775 807 840 mentiri,
851 791 1007 841 quam
1046 776 1101 828 in
1146 777 1258 830 allis
1299 779 1445 828 libris
1488 793 1649 844 saepe.

578 851 685 904 Sed
718 853 877 902 etiam
907 853 1223 916 Pomponius
1258 855 1494 904 Sabinus.
1561 855 1652 906 Ita

578 929 717 980 enim
741 925 1075 992 politissimus
1107 929 1529 994 doctissimusque
1554 930 1652 1000 ,Pi-

580 1005 752 1055 thaeus
784 1018 878 1052 nos
914 1002 1107 1065 docuit,
1142 1004 1299 1054 Notis
1337 1004 1404 1054 ad
1434 1006 1567 1056 hunc
1587 1006 1652 1055 li-

578 1079 791 1132 bellum.
858 1078 913 1128 Is
967 1079 1128 1142 igitur
1182 1080 1425 1144 Sabinus,
1466 1082 1652 1132 mediae

581 1156 753 1208 aetatis
787 1156 1190 1219 Grammaticus,
1234 1157 1287 1206 in
1334 1172 1541 1208 carmen
1584 1159 1654 1209 ‹le

580 1234 725 1286 obitu
762 1233 1106 1292 Maecenatiu
1155 1236 1173 1264 ‘
1214 1234 1520 1299 Cornelius,'
1574 1236 1652 1286 in-

578 1311 749 1378 quit,‘
773 1311 982 1360 Tacitus
1018 1311 1251 1375 appellat
1286 1313 1483 1376 scripta
1522 1315 1653 1363 Μω-

581 1386 781 1438 oenatis
835 1385 1192 1436 calamistros!
1290 1389 1406 1436 Nec
1460 1403 1654 1452 negare

584 1473 731 1519 certe
756 1481 1047 1530 possumus,
1078 1466 1205 1530 quin
1240 1467 1285 1516 is
1308 1468 1454 1518 locus
1475 1470 1651 1520 hodie-

582 1557 686 1608 que
724 1543 778 1592 in
816 1542 913 1591 hoc
954 1542 1133 1592 libello
1160 1549 1325 1594 extet.
1392 1545 1534 1596 Quid
1573 1547 1651 1595 di-

583 1618 727 1676 cam!
763 1616 900 1664 serio
923 1622 980 1665 et
1001 1618 1243 1681 ingenue,
1276 1619 1400 1668 nihil
1422 1635 1507 1670 me
1539 1636 1652 1672 cre·

584 1692 711 1744 dere
732 1691 853 1741 huic
876 1691 1090 1754 ignobili
1114 1695 1324 1758 Sabino,
1357 1697 1445 1761 qui
1477 1712 1543 1746 ex
1563 1712 1651 1746 ve·

584 1769 685 1818 teri
724 1768 905 1830 verbo,
946 1771 1229 1820 somniavit
1258 1770 1483 1822 fortasse
1517 1773 1656 1836 quod

584 1844 766 1895 voluit.
804 1843 943 1894 Dico
960 1859 1077 1893 me:
1099 1859 1215 1894 nam
1236 1846 1349 1896 aliis
1372 1845 1501 1895 nihil
1522 1862 1658 1911 prae-

585 1937 651 1974 eo
670 1920 795 1986 quid
816 1927 1120 1983 sequantur.
1186 1920 1508 1971 Incommodi
1528 1923 1656 1987 quid

586 1997 708 2060 erit,
743 1997 852 2047 sive
885 1997 1069 2046 Tacito
1103 1996 1407 2060 tribuamus,
1438 1999 1548 2048 sive
1570 1999 1656 2048 M.

586 2071 747 2122 Fabio
770 2071 1147 2135 Quinctiliano,
1178 2079 1239 2122 ut
1270 2072 1391 2121 milii
1424 2073 1546 2122 olim
1580 2073 1655 2121 vi-

588 2150 729 2199 sum?
763 2149 899 2198 Nam
922 2155 979 2198 et
1000 2149 1164 2210 stylus
1188 2149 1296 2212 ipse
1320 2151 1473 2212 plane
1496 2149 1654 2212 gemi-

585 2238 716 2274 nus:
749 2231 805 2274 et
826 2224 917 2273 ille
944 2239 999 2273 se
1022 2225 1102 2274 De
1122 2225 1277 2274 causis
1304 2231 1538 2288 corrupta
1560 2227 1658 2275 elo-

582 2301 789 2365 quentia·
810 2299 1079 2364 scripsisse
1113 2301 1230 2364 plus
1263 2315 1365 2350 uno
1386 2302 1499 2350 loco
1522 2301 1654 2350 sate-

584 2383 700 2426 tur:
736 2389 889 2440 quem
925 2376 1133 2424 titulum
1168 2376 1319 2425 valde
1352 2377 1652 2441 appositum

586 2450 696 2500 acio
738 2451 855 2499 huic
914 2457 1233 2514 argumento.
1320 2451 1650 2515 Praecipuum

586 2525 721 2576 enim
776 2525 1047 2574 materiam
1112 2532 1168 2574 et
1233 2526 1375 2576 velut
1436 2526 1652 2576 fundum

588 2601 793 2664 scripti,
852 2601 951 2649 hoc
1003 2599 1179 2662 fuisse,
1243 2601 1489 2651 evincunt
1542 2603 1652 2663 illa,

588 2691 704 2742 qum
740 2681 1009 2740 superant,
1034 2681 1091 2724 et
1132 2676 1299 2738 magis
1330 2677 1654 2740 evincerent,

587 2767 703 2818 qum
763 2767 794 2800 a
849 2749 955 2801 fine
1010 2751 1215 2800 desunt.
1280 2753 1405 2816 lpse
1456 2755 1656 2804 Mater-

589 2841 687 2878 nus
740 2827 825 2876 hic
891 2826 958 2876 ad
1006 2827 1311 2878 Messalam:
1366 2829 1382 2856 ‘
1408 2829 1655 2894 Exprime

585 2903 735 2956 nobis
774 2919 875 2953 non
912 2903 1263 2954 laudationem
1306 2905 1657 2969 antiquorum,

586 2979 679 3030 sed
722 2993 925 3043 causas,
959 2995 1054 3030 cur
1092 2981 1147 3030 in
1192 2987 1391 3032 tautum
1438 2983 1505 3032 ab
1548 2983 1656 3032 elo-

588 3057 801 3121 quentia
837 3071 1014 3106 eorum
1046 3058 1443 3108 recesserimus)
1506 3060 1654 3109 AEtas

586 3140 761 3184 tamen
826 3135 1165 3186 Quinctiliani
1233 3136 1388 3200 paulo
1445 3136 1652 3198 grandi-

586 3224 645 3261 or
666 3207 825 3258 fuisse
858 3210 1083 3269 videtur,
1114 3223 1269 3273 quam
1286 3217 1344 3258 ut
1369 3211 1452 3258 liic
1482 3225 1651 3260 sermo

585 3283 790 3334 babitus
828 3286 895 3332 sit
932 3285 1021 3334 illo
1044 3285 1258 3347 juvene.
1327 3285 1513 3350 Itaque
1546 3301 1651 3336 am-

584 3359 738 3423 bigo:
772 3365 831 3408 et
850 3374 967 3409 cum
1008 3360 1175 3409 multa
1202 3360 1441 3422 dixerim,
1462 3362 1649 3412 claudo

584 3443 759 3486 tamen
798 3437 968 3486 omnia
1000 3443 1057 3487 et
1092 3437 1237 3500 signo
1260 3438 1357 3487 hoc
1381 3453 1647 3500 responso,

582 3512 705 3564 milii
736 3526 837 3562 non
875 3514 1092 3578 liquere.
1144 3514 1352 3576 Lipsius.
1417 3515 1646 3564 Libellus

578 3589 680 3642 iste
704 3591 858 3652 vulgo
896 3590 1210 3653 inscribitur,
1250 3592 1458 3640 Cornelii
1490 3591 1647 3641 Taciti

579 3665 753 3729 equata
792 3664 991 3715 nomm
1024 3665 1260 3726 dialog-as.
1322 3667 1517 3716 Verum
1540 3673 1648 3730 sty-

579 3741 661 3792 lus
700 3741 909 3804 hujusce
946 3740 1109 3788 libelli
1148 3741 1299 3790 nimis
1340 3741 1583 3790 abhorret
1617 3756 1648 3791 a

582 3818 717 3882 stylo
740 3818 931 3866 Taciti.
994 3817 1099 3866 Sed
1134 3833 1331 3881 quaero,
1366 3833 1485 3867 num
1509 3819 1648 3868 idern

581 3896 747 3960 stylus
780 3896 965 3944 deceat
1000 3895 1293 3944 historicum
1328 3903 1384 3944 et
1406 3895 1648 3958 dialogis·

582 3979 705 4024 ten:
741 3979 877 4020 teste
918 3971 1209 4034 Demetrio,
1243 3973 1259 3998 ‘
1282 3971 1490 4035 Dialogi
1516 3973 1651 4034 peri·

580 4049 709 4098 odas
744 4054 842 4107 est,
882 4061 999 4111 quae
1040 4047 1248 4096 remissa
1286 4053 1341 4096 et
1370 4048 1652 4111 simplicior

576 4122 864 4174 historica?
930 4124 1205 4173 Praeterea
1236 4137 1405 4187 pauca
1434 4124 1648 4174 Tacitus

578 4198 667 4254 hic
688 4197 961 4265 pretatur,
980 4205 1039 4250 et
1058 4199 1137 4252 sic
1156 4213 1263 4252 non
1292 4199 1479 4252 mirum
1500 4200 1545 4252 si
1564 4214 1647 4252 so·

1730 705 1855 754 litus
1879 705 1994 770 ejus
2017 704 2182 770 stylus
2205 703 2294 753 vix
2332 707 2687 767 agnoscatur-3
2721 717 2814 754 rc·

1729 781 1870 844 liqua
1907 795 2033 831 vero
2076 779 2242 830 verbis
2287 779 2581 842 numerisque
2623 791 2814 828 eorum

1728 854 1908 918 refert,
1952 870 2082 920 quos
2117 856 2204 905 hic
2259 856 2531 919 loquentes
2577 852 2812 902 inducit.

1729 932 1830 982 Sed
1863 937 1988 982 aetas
2027 937 2320 995 repugnat:
2377 930 2662 993 presertim
2686 943 2818 978 cum

1731 1013 1976 1056 nascatur
2033 1007 2307 1056 Cornelius
2366 1021 2498 1054 anuo
2567 1012 2818 1056 extremo

1731 1081 1956 1145 Claudii,
1979 1082 2137 1147 idque
2179 1082 2428 1146 temporis
2457 1095 2560 1146 quo
2602 1080 2818 1145 profer-

1731 1165 1877 1208 retur
1911 1159 1994 1209 hic
2030 1173 2218 1220 sermo,
2239 1171 2399 1206 annos
2439 1156 2710 1206 minimum
2731 1157 2818 1206 vi·

1731 1235 1864 1297 giuti
1885 1237 1988 1284 duo
2025 1243 2178 1285 natus
2215 1234 2302 1284 sit.
2368 1233 2472 1282 Sed
2505 1232 2626 1284 audi
2663 1233 2816 1282 Gen.

1732 1310 1820 1360 lib.
1845 1323 1902 1362 x.
1925 1314 2008 1360 28.
2055 1313 2162 1360 Ser.
2184 1310 2412 1359 Tullium
2434 1310 2451 1339 ⁸
2477 1323 2668 1372 pueros
2687 1321 2814 1358 esse

1730 1387 2072 1450 existimasse,
2093 1387 2182 1450 qui
2206 1386 2430 1436 minores
2461 1393 2632 1436 essent
2657 1384 2814 1434 annia

1731 1467 1812 1512 17.
1834 1470 1988 1528 atque
2027 1463 2149 1512 inde
2171 1461 2240 1512 ab
2261 1475 2397 1511 anno
2435 1465 2516 1512 1‘1.
2541 1475 2670 1524 quos
2695 1459 2816 1510 ido-

1727 1553 1853 1588 neos
1879 1539 1988 1602 jam
2021 1553 2136 1586 esse
2176 1537 2481 1602 reipublicae
2519 1535 2814 1585 arbitrare-

1730 1620 1834 1678 tur,
1857 1614 2046 1664 milites
2069 1613 2369 1677 scripsisse;
2409 1627 2598 1676 eosque
2623 1611 2692 1660 ad
2717 1625 2812 1662 an-

1729 1705 1849 1740 num
1871 1695 1955 1740 46.
1986 1692 2241 1755 juniores,
2283 1703 2542 1754 supraque
2577 1703 2698 1737 eum
2719 1701 2816 1738 an-

1732 1783 1856 1818 num
1915 1770 2142 1819 seniores
2205 1767 2529 1832 appellasse!
2614 1766 2812 1832 Itaque

1733 1861 1854 1897 cum
1891 1860 2028 1898 anno
2065 1846 2376 1910 Vespasiani
2418 1859 2492 1894 vr.
2531 1844 2812 1896 Cornelius

1734 1927 1814 1973 22.
1838 1936 1998 1972 anuos
2019 1922 2294 1982 habuerit;
2344 1922 2420 1971 sic
2445 1929 2570 1971 tunc
2592 1919 2700 1969 dici
2723 1922 2814 1970 ud-

1729 2001 1914 2048 modam
1920 1998 2114 2059 juvenis
2127 2013 2234 2062 pra
2251 1998 2488 2061 longiore
2510 1997 2812 2059 juventutis

1731 2075 1922 2138 spatio,
1943 2075 2084 2139 quod
2121 2088 2151 2121 a
2193 2077 2273 2123 1⁶1.
2297 2073 2364 2122 ad
2395 2077 2478 2122 46.
2501 2086 2696 2121 annum
2721 2087 2812 2122 ex·

1732 2151 2067 2214 tendebatur,
2103 2156 2162 2200 et
2195 2155 2384 2200 octava
2422 2149 2508 2198 vel
2537 2163 2678 2198 noua
2701 2157 2810 2200 sta-

1731 2228 1871 2278 tione
1893 2227 2198 2291 Vespasiani
2235 2234 2502 2291 quaestura
2535 2225 2698 2290 potiri
2718 2240 2812 2289 po-

1733 2305 1851 2352 tuit.
1888 2303 2172 2354 Salina-ius.
2239 2301 2382 2352 Puto
2421 2301 2550 2351 nihil
2591 2317 2810 2366 prorsus

1731 2378 1815 2428 hic
1835 2393 1971 2440 esse,
2011 2378 2148 2442 quod
2183 2378 2245 2428 C.
2267 2377 2436 2428 Taciti
2459 2377 2676 2440 phrases
2703 2385 2812 2441 sty-

1733 2455 1936 2519 lumque
1961 2455 2216 2506 redoleat.
2281 2454 2382 2503 Sed
2421 2467 2520 2502 nec
2551 2455 2614 2504 F.
2639 2454 2810 2507 Quin·

1731 2529 1988 2591 tilianum,
2009 2528 2212 2578 etia-si
2249 2535 2430 2578 cetera
2459 2528 2634 2577 omnia
2657 2543 2812 2592 argu·

1731 2611 1912 2654 menta
1931 2611 2296 2668 congruerent,
2315 2603 2464 2667 hujus
2486 2604 2662 2666 operis
2683 2618 2810 2654 auc·

1733 2689 1898 2732 torem
1937 2682 2399 2745 pronuntiaverim,
2427 2695 2544 2730 cum
2587 2681 2808 2744 scriptio

1732 2757 1854 2818 ista,
1897 2771 2011 2806 mco
2049 2756 2258 2820 quidem
2297 2755 2522 2820 judicio,
2561 2755 2706 2804 illurn
2747 2763 2810 2806 et

1731 2830 1989 2882 facilitate
2011 2832 2254 2882 orationis
2289 2839 2348 2882 et
2369 2831 2628 2894 elegantia
2647 2847 2810 2894 supe·

1733 2915 1834 2972 ret,
1854 2917 1912 2960 et
1929 2926 2044 2959 cum
2064 2909 2248 2976 quovis
2272 2909 2456 2972 optimi
2479 2909 2660 2958 seculi
2685 2923 2808 2958 ora-

1731 2990 1846 3034 tore
1863 2983 2092 3036 conferri
2113 3000 2265 3049 posse
2285 2985 2545 3035 videatur.
2615 2985 2810 3050 Itaque

1730 3060 1918 3111 incerti
1943 3061 2168 3111 auctoris
2207 3061 2418 3111 titulum
2438 3059 2620 3110 libello
2639 3074 2810 3124 appo·

1733 3137 1940 3186 suerin».
1975 3137 2203 3186 Pictam.
2272 3136 2428 3186 Quod
2459 3133 2691 3185 afferunt
2719 3135 2810 3186 hic

1729 3214 2050 3277 interpretes
2071 3213 2139 3262 de
2164 3219 2323 3263 aetate
2347 3213 2597 3275 Cornelii,
2613 3213 2810 3264 nullius

1731 3291 1980 3340 momenti
2012 3297 2124 3339 est:
2158 3289 2304 3353 quasi
2328 3303 2454 3338 vero
2477 3287 2566 3336 illc
2589 3303 2812 3352 compo-

1728 3366 1894 3414 suerit
1938 3366 2108 3415 omnia
2151 3365 2426 3426 volumina,
2471 3379 2591 3428 quas
2637 3364 2812 3414 hocce

1729 3454 1840 3490 aevo
1861 3441 2004 3489 edita
2038 3447 2182 3502 sunt,
2213 3449 2270 3491 et
2309 3456 2409 3506 quo
2452 3446 2532 3491 tot
2565 3448 2812 3490 oratores

1726 3517 1902 3567 eximii
1937 3515 2179 3568 floruere.
2251 3517 2334 3566 An
2377 3517 2497 3566 ideo
2539 3517 2624 3566 liic
2663 3517 2810 3568 liber

1725 3593 1894 3642 Taciti
1915 3593 2040 3652 erit,
2075 3593 2200 3657 quia
2231 3594 2306 3642 ibi
2345 3593 2407 3644 fit
2438 3593 2632 3642 mentio
2671 3595 2812 3645 Vea-

1729 3667 1944 3730 pasiani,
1967 3669 2219 3731 Muciani,
2241 3669 2491 3731 Helvidii,
2513 3671 2813 3734 Messalla,

1727 3743 1873 3806 Eprii
1914 3743 2172 3806 Marcelli,
2210 3746 2402 3809 Crispii
2441 3747 2600 3806 Vibii,
2637 3752 2696 3795 et
2717 3753 2812 3798 tot

1729 3819 1946 3869 aliorum
1989 3829 2266 3884 oratorum,
2289 3827 2373 3886 qui
2399 3823 2496 3872 hoc
2537 3824 2653 3886 ipso
2675 3838 2806 3874 nvo

1729 3892 2040 3958 eloquentiae
2065 3896 2218 3944 laude
2239 3899 2643 3960 praecelluerunt
2664 3900 2684 3948 ?
2729 3901 2812 3951 Et

1731 3977 1858 4034 quot
1879 3970 1970 4019 alii
1991 3978 2222 4020 oratores
2243 3973 2339 4021 hoc
2357 3973 2488 4022 libro
2507 3973 2812 4038 laudantur,

1731 4058 1947 4109 quorum
1983 4053 2155 4095 tamen
2179 4061 2426 4112 nusquam
2451 4048 2684 4098 meminit
2701 4049 2812 4099 Tn-

1731 4122 1906 4172 citus?
1955 4123 2115 4173 Nobis
2139 4131 2428 4188 opponunt,
2450 4125 2810 4188 Pomponium

1725 4199 1975 4254 Sabinum
2019 4199 2325 4254 attribuisse
2349 4201 2504 4253 ,bunc
2559 4200 2810 4254 libellu-
