3175 4934
1055 437 1486 503 cannariis,
1532 439 1698 490 cir.
1740 425 1847 490 11.

2378 425 2557 494 3281

351 583 958 669 auspicatissimum
973 591 993 630 ³
1027 583 1282 646 initium
1311 583 1603 648 credunt.
1690 581 1843 648 Nec
1871 584 2163 650 dierum⁰
2188 599 2553 668 numerum,

345 693 422 751 ut
447 706 596 765 nos,
647 687 764 751 sed
794 687 1134 751 noctiump
1161 691 1567 768 computant.
1655 686 1770 750 Sic
1802 689 2221 767 constituunt,
2269 689 2370 754 sic
2400 709 2553 755 con-

356 849 465 900 Nee
485 850 644 900 inem
663 865 900 901 murm
923 851 1126 912 ἀίει-11111,
1157 855 1214 900 et
1235 849 1460 913 Romani,
1478 852 1560 902 ssd
1579 851 1803 902 matiam.
1868 852 1956 903 Sic
1974 853 2239 918 micant,
2260 854 2333 906 sic
2354 861 2557 920 tempus

1263 993 1623 1017 „morcon”

343 1106 515 1158 vatic.
537 1113 596 1158 et
617 1107 932 1158 editionibus
946 1103 1234 1171 veteribus,
1255 1105 1544 1158 incidit—⁸
1575 1107 1665 1160 Sic
1680 1109 1811 1160 bene
1830 1110 2135 1163 Beroaldus.
2200 1110 2267 1162 In
2288 1111 2556 1163 veteribus

1341 1279 1556 1332 801·AE

415 1391 538 1440 Cum
559 1395 642 1440 aut
664 1391 911 1442 &reboatur
930 1392 1070 1456 laun]
1104 1393 1188 1444 Sic
1212 1399 1268 1443 et
1285 1393 1407 1444 olim

345 1465 624 1532 Spartani:
659 1467 734 1518 sic
771 1476 828 1518 et
863 1483 1037 1518 omnes
1077 1469 1256 1533 populi
1288 1483 1410 1519 snas

346 1543 566 1608 quisque
621 1543 1009 1596 observationes
1055 1545 1264 1606 babent,
1320 1551 1410 1594 aut

343 1617 737 1682 superstitiones
787 1619 1162 1686 opinionesque
1209 1621 1409 1670 dierum

343 1693 572 1746 felicium
631 1703 722 1744 aut
784 1695 1088 1747 infelicium.
1175 1697 1410 1748 Frontin.

343 1783 407 1820 11.
431 1775 478 1820 1.
510 1770 526 1798 ‘
551 1771 611 1820 C.
635 1771 810 1821 caesar
833 1774 886 1822 in
911 1773 1101 1836 Gallia,
1133 1774 1252 1838 quia
1271 1789 1410 1824 com·

343 1851 549 1909 pererat
573 1845 838 1896 Ariovisto
874 1848 1252 1897 Germanorum
1275 1849 1408 1914 Regi

346 1921 662 1983 institutum,
701 1929 756 1971 et
780 1924 926 1988 quasi
959 1923 1128 1986 legem
1145 1923 1414 1987 militibus,

343 2015 446 2052 non
468 2002 734 2066 pugnandi
755 2002 1096 2051 decrescente
1135 2002 1271 2064 luna,
1303 2009 1414 2052 tum

347 2079 668 2144 potissimum
695 2079 810 2127 acie
832 2077 1121 2140 commissa,
1141 2077 1414 2142 impeditos

344 2155 592 2220 religione
614 2157 792 2204 hostes
813 2153 975 2205 vicit!

409 2237 434 2262 ⁰
469 2232 570 2280 Nec
588 2230 798 2295 dierum]
838 2231 986 2281 More
1023 2229 1406 2293 Hebraeomm3

347 2308 434 2374 qui
451 2308 572 2358 iude
589 2308 699 2357 dies
717 2309 872 2358 etiam
893 2309 1028 2356 linum
1043 2307 1404 2372 appellabant:

349 2386 480 2434 utin
495 2382 682 2445 Esdra,
703 2386 719 2412 ‘
735 2385 771 2436 J
775 2385 909 2434 osias
931 2384 1215 2434 immolavit
1237 2383 1410 2434 Phase

345 2460 737 2526 quartadecima
747 2462 868 2510 luna
881 2460 1030 2525 primi
1045 2458 1270 2510 mensis!
1314 2459 1366 2510 N
1369 2461 1409 2510 i·

345 2538 520 2587 colans
579 2537 934 2587 Damascenus
999 2537 1064 2586 de
1135 2537 1408 2588 Numidis=

345 2615 362 2642 ‘
390 2615 512 2664 Non
544 2615 729 2664 diebus
751 2613 842 2662 sed
876 2613 1115 2664 noctibus
1159 2612 1259 2676 ipsi
1281 2622 1411 2664 tem·

347 2705 482 2756 pora
521 2690 856 2754 computant:
945 2691 1025 2739 Ea
1066 2704 1224 2740 causa
1275 2689 1414 2740 festa

345 2781 554 2832 quoque
573 2766 806 2817 noctibus
822 2765 1178 2817 celebrabant.
1194 2765 1411 2818 Tacitus

353 2841 548 2892 Annal.
571 2843 606 2892 l.
631 2847 679 2892 1.

411 2925 438 2959 Ρ
471 2919 566 2968 Sed
599 2917 828 2980 noctium]
875 2917 1030 2966 Prior
1065 2921 1121 2966 et
1155 2915 1416 2980 antiquior

345 3009 452 3043 nox
471 2993 582 3042 visa
595 3001 678 3042 est
694 2993 876 3058 priscis
890 2991 1212 3043 mortalibus.
1253 2991 1414 3042 Ovid.

345 3075 393 3119 1.
407 3069 760 3132 Metamorph.
779 3072 828 3116 1.
853 3070 869 3095 ⁸
888 3067 1075 3118 Nullus
1090 3066 1254 3116 adhue
1273 3082 1414 3118 mun·

345 3145 417 3194 do
445 3143 712 3207 prebebat
735 3143 926 3192 lumina
943 3141 1119 3202 Titan,
1143 3143 1259 3192 Nec
1281 3157 1415 3192 nova

347 3218 630 3270 crescendo
654 3217 933 3282 reparabat
962 3232 1153 3268 cornua
1181 3217 1414 3270 Phoebes

351 3293 567 3345 Hesiod.
615 3295 668 3344 iu
712 3294 1046 3358 Theogonia:
1100 3294 1116 3322 ‘
1141 3293 1222 3344 Ex
1268 3295 1411 3346 Chao

346 3373 648 3437 Erebumque
671 3379 727 3422 et
761 3373 903 3435 nigra
936 3387 1042 3422 nox
1065 3373 1225 3437 geniti
1257 3380 1408 3423 suut:

343 3451 429 3500 Ex
453 3457 604 3498 noete
625 3464 779 3512 porro
804 3449 1069 3514 aetherque
1089 3455 1144 3498 et
1163 3449 1276 3498 dies
1295 3463 1412 3513 pro-

347 3525 514 3575 creati
536 3523 698 3574 sunt.'
759 3523 810 3572 A
835 3533 989 3573 nocte
1011 3523 1188 3587 igitur,
1210 3530 1270 3572 ut
1293 3538 1412 3587 quae

347 3609 600 3665 tempore,
660 3607 904 3665 tanquam
947 3599 1126 3648 habitu
1189 3599 1412 3662 privato,

347 3678 489 3741 prior
501 3678 589 3740 sit,
609 3677 910 3726 numerandi
935 3675 1183 3738 temporis
1207 3675 1412 3724 initium

347 3767 550 3803 sumere
591 3751 842 3803 Germani
879 3753 1171 3802 voluerunt.
1239 3749 1412 3801 Aliam

348 3841 554 3877 causam
593 3825 748 3877 affert
782 3827 962 3878 Coessr
997 3827 1029 3876 1.
1057 3841 1130 3877 vi.
1169 3827 1235 3875 de
1275 3827 1412 3878 bello

348 3901 491 3953 Gall.
515 3917 559 3953 c.
581 3907 662 3953 18.
679 3903 816 3969 quod
839 3904 952 3954 scil.
973 3918 1006 3952 a
1023 3904 1150 3954 Dite
1168 3903 1412 3954 oriundos

349 3977 640 4029 Germanos
655 3980 805 4028 simul
823 3987 978 4045 atque
993 3981 1193 4042 Gallos,
1207 3996 1236 4030 a
1249 3981 1410 4031 Drui-

345 4053 498 4103 dibus
531 4056 787 4105 memoriae
820 4057 1082 4120 proditum
1117 4057 1216 4107 sitx
1253 4071 1412 4123 quan-

345 4144 501 4196 quam
519 4131 572 4179 id
610 4131 726 4181 vitii
763 4132 902 4182 inest
939 4133 992 4180 in
1029 4133 1128 4182 hac
1153 4148 1410 4184 assevera-

347 4206 510 4268 tione,
552 4207 688 4271 quod
721 4208 968 4258 Germani
999 4221 1121 4270 non,
1153 4215 1212 4257 ut
1235 4209 1413 4260 Coesar

349 4282 636 4346 existimat,
654 4283 720 4333 ab
743 4285 831 4334 illo
853 4285 1003 4348 Dite,
1023 4286 1112 4352 qui
1132 4285 1291 4338 Pluto
1312 4293 1412 4348 est,

475 4361 653 4429 Delpta.
671 4365 860 4434 ethar.
877 4365 1010 4418 cta.

1375 4365 1529 4416 Tacit.

1491 1392 1647 1445 Erebi
1666 1393 1935 1460 noctisque
1946 1395 2115 1460 Deus,
2126 1393 2219 1444 sed
2235 1410 2268 1445 a
2281 1395 2557 1462 Tuiscone,

1490 1471 1600 1522 sive
1645 1469 1903 1535 Teutone,
1960 1471 2047 1536 qui
2088 1471 2381 1522 mortalium
2426 1475 2560 1524 anti-

1491 1547 1763 1612 quissimus
1800 1549 2093 1612 appellatur
2140 1548 2308 1612 These,
2334 1549 2436 1613 Ν,
2472 1551 2556 1600 vel

1491 1624 1626 1687 stit,
1666 1623 1921 1688 originem
1961 1629 2247 1676 traxerunt.
2312 1623 2415 1676 Sed
2456 1639 2558 1676 nee

1489 1699 1766 1752 Germanis
1784 1701 1957 1760 ruodo,
1979 1701 2073 1750 sed
2086 1700 2241 1750 etiarn
2258 1699 2421 1750 Gallis
2442 1701 2557 1752 lioec

1487 1778 1625 1828 ratio
1638 1777 1975 1842 computandi
1990 1777 2041 1826 in
2060 1792 2155 1826 usu
2168 1775 2289 1826 fuit.
2305 1775 2559 1842 Idemque

1491 1851 1748 1904 affirmant
1769 1860 2007 1904 auctores
2035 1855 2101 1902 de
2134 1852 2557 1916 Atheniensibus,

1492 1937 1549 1980 et
1593 1931 1657 1978 de
1702 1929 1959 1980 Numidis.
2042 1930 2197 1993 Isque
2240 1943 2350 1979 mos
2390 1929 2557 1982 adhue

1493 2005 1649 2054 durat
1671 2005 1807 2068 apud
1832 2003 2051 2070 Anglos,
2083 2011 2221 2055 teste
2256 2005 2559 2056 cambdeno

1492 2080 1544 2130 in
1573 2079 1777 2130 Britan.
1794 2095 1915 2144 pag.
1944 2084 2020 2130 12.
2055 2081 2407 2144 Ber-negemus.

1556 2155 1657 2206 Sed
1676 2157 1903 2220 noctuam]
1936 2155 2097 2206 Forte
2120 2156 2163 2205 is
2190 2169 2299 2206 mos
2320 2163 2467 2208 ortus
2489 2171 2557 2210 ex

1489 2231 1642 2284 festis
1694 2249 1755 2283 ac
1810 2230 2205 2282 celebritatibus
2258 2239 2315 2284 et
2370 2233 2559 2298 epulis,

1488 2325 1617 2374 quas
1639 2318 1797 2360 noctu
1819 2323 1959 2372 saepe
1976 2309 2307 2358 celebravere
2328 2309 2379 2358 in
2401 2310 2559 2372 sylvis

1491 2385 1693 2450 antiqui
1731 2385 2017 2436 Germani:
2071 2385 2152 2434 vel
2190 2384 2242 2434 id
2282 2392 2453 2436 ortum
2490 2399 2558 2436 ex

1489 2461 1608 2524 ipsa
1628 2467 1816 2512 natura
1836 2474 2029 2520 rerum,
2061 2467 2117 2510 et
2154 2475 2220 2510 ex
2240 2460 2395 2511 modo
2418 2462 2558 2525 cogi·

1492 2535 1656 2586 tandi.
1722 2537 1861 2586 Nam
1897 2542 2041 2586 certe
2078 2537 2123 2586 si
2156 2537 2269 2602 quis
2306 2538 2557 2590 attentius

1493 2611 1548 2660 id
1569 2609 1885 2674 consideret,
1906 2617 1963 2660 et
1978 2611 2189 2662 modum
2210 2625 2312 2674 quo
2334 2626 2414 2662 res
2437 2627 2559 2662 con-

1491 2687 1727 2750 cipimus,
1761 2693 1877 2736 orta
1906 2687 2014 2748 lux,
2048 2693 2173 2736 nata
2204 2686 2315 2736 dies
2352 2687 2559 2742 videtur

1493 2778 1558 2814 ex
1574 2765 1715 2816 Chao
1732 2771 1787 2815 et
1810 2765 2058 2828 tenebris,
2073 2773 2131 2816 et
2147 2767 2291 2818 velut
2306 2781 2372 2816 ex
2386 2775 2557 2821 nocte.

1490 2839 1580 2890 Sic
1603 2850 1901 2905 reputamus
1934 2841 2139 2890 initium
2158 2855 2349 2904 rerum,
2380 2841 2453 2892 sic
2476 2855 2561 2892 eo-

1494 2914 1737 2980 gitamus,
1772 2916 1847 2965 sic
1870 2930 1927 2964 se
1962 2929 2045 2964 res
2080 2915 2263 2978 objicit
2298 2916 2477 2978 captui
2502 2922 2559 2964 et

1492 2991 1676 3040 animis
1719 2992 1933 3054 nostris,
1978 2991 2210 3056 quamvis
2254 3005 2355 3040 non
2391 2990 2561 3054 possit

1493 3064 1597 3114 dici
1620 3079 1742 3114 vera
1761 3079 1883 3126 nox,
1918 3065 2019 3114 nisi
2042 3079 2159 3116 cum
2180 3067 2447 3129 proeeessit
2466 3067 2559 3121 lux

1494 3147 1582 3190 aut
1594 3139 1705 3190 dies
1721 3157 1732 3189 :
1760 3140 1951 3206 quippe
1960 3155 2129 3206 neque
2140 3149 2319 3206 potest
2328 3143 2563 3208 cogitari,

1493 3225 1583 3266 aut
1607 3218 1820 3282 proprie·
1850 3219 2103 3282 appellari
2137 3233 2262 3280 nox,
2298 3219 2397 3269 nisi
2432 3229 2557 3270 ante

1493 3294 1709 3358 cognita
1730 3295 1817 3344 lux
1840 3295 1928 3346 sit.
1992 3295 2131 3344 Nam
2154 3294 2269 3360 quis
2290 3295 2559 3359 concipiat

1489 3382 1667 3420 veram
1691 3377 1915 3432 noctem,
1950 3371 2051 3420 nisi
2084 3371 2390 3434 conceperit
2413 3378 2558 3434 ante,

1491 3453 1549 3495 et
1572 3447 1684 3510 jam
1726 3446 2031 3510 cognoverit
2074 3446 2275 3496 lucem?
2319 3447 2557 3512 Ideoque

1491 3535 1646 3571 sacra
1682 3523 1946 3585 scriptura
1982 3523 2243 3584 expressit
2280 3523 2559 3572 humanum

1491 3597 1759 3661 cogitandi
1780 3603 1835 3647 et
1873 3593 2199 3662 concipiendi
2238 3598 2447 3648 modum
2478 3597 2561 3648 his

1491 3673 1693 3724 verbis:
1730 3675 1745 3701 ‘
1774 3673 2092 3740 Factumque
2130 3681 2211 3725 est
2244 3689 2465 3740 vespere
2502 3683 2561 3726 et

1491 3763 1664 3808 mane,
1684 3748 1797 3799 dies
1820 3749 1989 3800 unus!
2054 3750 2189 3800 Nam
2205 3752 2321 3816 quis
2344 3753 2559 3815 proprie

1491 3826 1755 3890 concipiat
1774 3841 1929 3889 mnne,
1964 3826 2064 3876 nisi
2089 3826 2419 3891 precesserit
2452 3841 2559 3878 nox

1489 3917 1578 3952 seu
1604 3905 1856 3966 vespera?

1553 3979 1659 4030 Sed
1685 3987 1830 4029 certe
1867 3995 1933 4029 ea
1968 3995 2091 4042 nox,
2130 3995 2246 4046 quae
2286 3979 2563 4045 praecenit

1489 4057 1711 4120 primum
1734 4071 1889 4120 ram,
1920 4070 2021 4105 non
2054 4056 2156 4108 fuit
2177 4071 2303 4107 vera
2336 4070 2462 4116 nox,
2496 4061 2559 4104 ut

1490 4133 1807 4200 concipimus
1824 4138 2051 4196 noctem,
2058 4133 2147 4182 sed
2160 4147 2357 4185 merum
2369 4131 2561 4190 Chaos,

1491 4210 1750 4272 confusio,
1772 4210 1931 4260 nihil:
1966 4223 2035 4258 ex
2064 4223 2167 4273 quo
2196 4207 2359 4258 nihilo
2380 4211 2559 4254 tamen

1494 4285 1687 4338 educta
1706 4286 1799 4336 lux
1830 4283 2145 4348 concipitur,
2178 4287 2237 4332 st
2266 4283 2447 4329 cetera
2468 4293 2557 4332 na·
