3175 4934
1090 409 1098 417 ‘
1135 420 1560 482 manneus,-
1589 418 1757 470 car.
1786 404 1909 471 89.
2428 410 2609 479 8748

397 560 678 641 habitae,
719 566 1078 647 postquam
1101 563 1304 646 longa
1351 574 1721 648 temporum
1751 566 1941 650 quies
1970 570 2039 631 et
2066 570 2445 633 continuum
2469 590 2603 655 pon,

401 663 544 747 puli
569 666 778 728 otium
805 673 874 728 et
899 666 1182 763 assidua
1199 666 1484 731 Senatus
1513 668 1955 750 tranquillitas
1997 675 2065 731 et
2099 671 2377 733 maximi
2407 670 2603 735 Prin-

405 764 584 847 cipis
607 765 1013 849 disciplina
994 755 1212 850 ipsam
1229 785 1496 850 quoque
1513 768 1977 853 eloquentiam,
2006 770 2177 835 siout
2190 772 2424 835 omnia
2440 772 2607 854 alia,

405 876 770 949 pacaverat
785 870 816 931 ‘t
2058 896 2067 905 ·

401 1003 408 1015 .
491 968 604 1033 39.
651 967 942 1033 Parvum
985 976 1054 1033 et
1093 970 1444 1035 ridiculum
1483 972 1767 1040 fortasse
1804 974 2185 1054 videbitur-,¹
2232 980 2421 1061 quod
2460 980 2605 1045 dle-

403 1074 590 1133 turns
625 1090 794 1145 sum,
839 1072 1060 1137 dicam
1101 1079 1344 1151 tamen,
1393 1076 1502 1139 vel
1539 1075 1713 1152 ideo,
1760 1082 1837 1141 ut
1864 1077 2175 1145 rideatur.
2222 1091 2225 1101 ·
2265 1079 2605 1160 Quantum

407 1169 796 1237 humilitatis
854 1180 1171 1256 putamus
1243 1176 1639 1260 eloquentiae
1690 1179 1993 1244 attulisse
2047 1184 2350 1264 paenulas
2409 1184 2601 1261 istae,

407 1272 650 1354 quibus
679 1275 934 1341 astricti
973 1280 1039 1341 et
1082 1278 1260 1345 velut
1297 1279 1534 1343 inclusi
1579 1298 1731 1345 cum
1774 1281 2119 1365 judicibus
2146 1283 2515 1352 fabulamur
2533 1286 2605 1349 Ἠ
2695 1287 2710 1306 ·

1330 1457 1685 1479 OOmNOOOOO

471 1550 499 1595 l
535 1546 676 1597 Male
697 1547 816 1601 libri
837 1549 967 1600 editi
987 1550 1197 1602 videtur:
1229 1559 1292 1604 ut
1304 1554 1416 1619 jain
1429 1571 1675 1608 monuere
1693 1559 1929 1623 Ursinus,
1949 1562 2210 1625 Muretus,
2232 1568 2289 1613 et
2306 1520 2569 1613 Acidalius
2588 1576 2607 1626 3

1395 1704 1607 1755 NOTAE

531 1806 754 1858 Poenalas
801 1811 936 1874 bins,
991 1813 1160 1876 quibus
1193 1813 1382 1863 astricti
1419 1820 1468 1864 et

411 1882 532 1932 velut
569 1884 736 1933 inclusi
769 1902 874 1935 cum
899 1888 1146 1948 judicibus
1172 1888 1469 1955 fabulemur]

411 1955 652 2007 Paenulas
689 1960 771 2010 liic
811 1962 902 2010 dat
932 1964 1248 2013 oratoribus:
1287 1971 1343 2013 at
1371 1966 1468 2014 Fa-

412 2031 524 2084 bius
547 2035 580 2083 l.
606 2050 680 2085 xi.
705 2051 752 2086 c.
777 2042 826 2087 3.
861 2052 959 2087 non
997 2041 1094 2088 nisi
1138 2047 1273 2104 togae
1297 2043 1471 2091 memi-

409 2110 522 2171 nit;
557 2125 622 2177 ex
642 2127 742 2177 quo
759 2114 836 2163 vir
851 2115 1035 2165 doctus
1053 2114 1234 2177 efficit,
1255 2116 1468 2167 Fabium

399 2182 562 2249 liujus
583 2187 768 2249 dialogi
788 2197 1048 2240 auctorem
1067 2206 1170 2241 non
1189 2206 1318 2243 esse.
1365 2194 1468 2243 Sed

405 2273 528 2309 cum
561 2260 645 2309 hic
675 2270 832 2311 sexto
863 2265 1166 2328 Vespasiani
1204 2281 1339 2316 anno
1376 2268 1468 2319 bos

410 2336 707 2389 introducat
731 2342 1018 2406 loquentes,
1048 2351 1104 2393 et
1137 2359 1190 2393 se
1221 2344 1339 2395 huic
1362 2358 1468 2393 ser-

409 2413 550 2463 moni
563 2416 853 2468 interfuisse
865 2420 1024 2483 dicat,
1039 2436 1139 2469 non
1153 2422 1274 2471 alios
1291 2436 1470 2484 mores,

399 2490 564 2553 'quam
586 2493 673 2555 qui
697 2494 1002 2546 Quintiliani
1039 2512 1150 2547 aevo
1173 2498 1469 2563 viguerunt,

407 2564 496 2615 bic
515 2565 695 2619 debuit
711 2569 1027 2623 describere.

477 2641 618 2693 Quid
655 2658 781 2706 ergo
818 2647 1079 2699 dicemus?
1128 2651 1470 2702 Quemadmo-

412 2718 533 2769 dum
578 2720 806 2769 Messala
847 2722 928 2771 liic
989 2739 1166 2775 causas
1207 2736 1472 2793 corruptae

413 2794 525 2857 ejus
549 2794 645 2841 oevi
668 2795 976 2859 eloquentiae
1002 2814 1294 2859 recensens,
1327 2801 1473 2847 vitta-

415 2886 517 2935 que
534 2870 818 2935 exagitans,
836 2876 1130 2935 paenularum
1153 2879 1350 2923 tantum
1371 2889 1472 2923 me·

412 2950 581 3011 iniunt,
633 2964 758 3013 quas
813 2951 1106 3013 improbat3
1165 2967 1266 3001 non
1319 2961 1476 3015 toga,

413 3038 570 3089 quam
601 3026 821 3088 probat:
858 3026 931 3075 sic
967 3028 1202 3091 Fabium,
1232 3044 1333 3077 non
1370 3036 1472 3077 tam

412 3100 536 3166 quid
574 3098 668 3149 fiat
701 3101 976 3164 interdum,
1011 3118 1163 3167 quam
1202 3104 1325 3168 quid
1361 3102 1475 3153 fieri

411 3176 626 3237 debeat,
657 3174 950 3239 docentem,
984 3186 1220 3243 togarum
1253 3180 1474 3229 solarum

403 3249 594 3313 ‚facere
640 3252 972 3301 mentionem.
1059 3254 1193 3303 Nam
1238 3256 1474 3319 utrisque

414 3339 512 3391 pro
535 3339 590 3373 re
613 3331 668 3374 et
691 3326 806 3376 loco
843 3341 956 3375 usos
979 3328 1092 3392 ejus
1123 3330 1370 3393 temporis
1393 3344 1478 3393 pa·

416 3409 610 3465 tronus,
631 3416 698 3451 ex
723 3402 798 3451 liis
820 3402 948 3451 locis
969 3404 1250 3467 colligitur.

483 3477 599 3529 Nisi
638 3477 681 3525 si
721 3478 904 3541 aliquis
941 3478 1068 3527 velit
1106 3495 1138 3528 a
1175 3480 1477 3529 Domitiano

416 3552 660 3603 reductas
695 3561 858 3617 togas,
877 3567 995 3602 cum
1021 3562 1141 3604 ante
1175 3555 1394 3618 paenulae
1425 3556 1478 3605 in

401 3615 584 3681 'forum
609 3630 934 3693 irrupissent.
983 3630 1202 3680 Fabius:
1237 3632 1252 3659 ‘
1277 3634 1368 3683 Est
1391 3634 1480 3680 ali-

417 3705 542 3771 quid
579 3706 628 3755 in
661 3707 875 3765 amictu,
915 3706 1051 3770 quod
1087 3708 1253 3770 ipsum
1295 3707 1481 3771 aliqua-

418 3788 572 3833 tenus
594 3790 884 3845 temporum
907 3783 1204 3831 conditione
1229 3791 1479 3832 mutatum

417 3863 516 3907 est.
569 3858 702 3907 Nam
727 3858 984 3907 veteribus
1012 3859 1140 3907 nulli
1164 3858 1332 3908 sinus:
1369 3875 1482 3922 per-

419 3946 570 3997 quam
604 3932 784 3981 breves
810 3940 928 3995 post
951 3933 1062 3981 illos
1086 3933 1312 3983 fuerunt.
1379 3934 1483 3983 Ita-

419 4023 520 4074 que
543 4008 697 4060 etiam
724 4017 868 4071 gestu
888 4022 1098 4059 necesse
1116 4020 1198 4059 est
1218 4026 1332 4059 usos
1350 4026 1480 4068 esse,

418 4085 472 4137 in
485 4084 752 4149 principiis
761 4098 848 4133 eos
860 4084 981 4147 alio,
992 4100 1206 4149 quorum
1217 4085 1479 4135 brachium

409 4160 556 4234 'sicut
573 4158 895 4222 Graecorum,
911 4167 1056 4209 veste
1075 4162 1480 4211 continebatur·

421 4234 517 4295 sed
557 4250 650 4291 no·
694 4236 762 4290 de
803 4236 1148 4305 praesentibus
1193 4238 1482 4307 loquimur?

1547 1816 1776 1869 schelius.
1853 1820 1975 1870 Non
2014 1821 2174 1870 malos
2199 1832 2387 1869 mores
2432 1834 2609 1873 omnes

1545 1896 1719 1957 arguit
1740 1896 1945 1957 Fabius,
1964 1896 2057 1945 sed
2080 1897 2239 1946 bonos
2260 1910 2389 1945 novo
2414 1897 2609 1949 oratori

1551 1972 1809 2033 praecipit.
1898 1970 1961 2019 ln
2018 1970 2217 2033 dialogo
2270 1969 2500 2034 loquitur
2556 1971 2611 2020 in

1549 2053 1816 2111 utramque
1859 2055 2075 2110 partem.
2140 2046 2225 2095 Au
2261 2046 2613 2097 institutiones

1549 2129 1682 2172 orat.
1714 2138 1833 2187 quai
1852 2138 2036 2186 gravas
2069 2130 2125 2173 et
2156 2130 2371 2173 maturae
2396 2138 2457 2172 ac
2492 2137 2613 2181 con-

1549 2197 1765 2260 cisae,ea
1780 2200 1949 2249 omnia
1962 2198 2071 2249 rese
2078 2205 2215 2262 rant,
2226 2214 2339 2262 quae
2355 2198 2613 2261 dialogus,

1549 2274 1712 2337 passis
1734 2275 2043 2341 eloquentiae
2065 2276 2207 2337 velis,
2238 2281 2295 2323 et
2324 2288 2387 2323 ex
2411 2281 2612 2325 senten-

1549 2351 1623 2400 tia
1643 2356 1877 2401 veterum
1900 2358 2162 2402 oratorum
2182 2350 2415 2414 profert?
2493 2358 2499 2367 ·

1616 2428 1839 2478 Poenalns
1870 2430 2009 2491 istas,
2042 2428 2207 2493 quibus
2226 2425 2437 2489 astricti]
2471 2426 2611 2477 Plin-

1550 2504 1720 2567 Epist.
1736 2519 1799 2555 ιι.
1822 2510 1901 2556 19.
1936 2509 1952 2534 ⁸
1975 2506 2162 2571 Neque
2266 2520 2346 2554 me
2361 2505 2615 2569 praeterit,

1549 2581 1801 2643 actiones,
1852 2597 1965 2646 quae
2010 2583 2319 2643 recitantur,
2360 2580 2613 2645 impetum

1552 2670 1775 2719 omnem,
1798 2659 2147 2722 caloremque,
2162 2672 2223 2707 ac
2250 2670 2409 2719 prope
2428 2668 2615 2707 nomen

1551 2746 1699 2781 suum
1724 2732 1961 2797 perdere,
1998 2742 2056 2783 ut
2090 2750 2202 2799 quae
2241 2736 2441 2782 soleant
2476 2746 2615 2781 com·

1553 2808 1799 2851 menduc
1822 2811 1973 2851 simu}
1992 2816 2049 2853 ct
2074 2808 2363 2857 soe-endere
2375 2806 2632 2876 judicum·

1552 2888 1842 2933 consessus,
1898 2876 2172 2925 celebritas
2226 2877 2616 2941 advocatorum),

1553 2950 1853 3014 expectatio
1886 2957 2121 3010 eventus,
2154 2952 2291 3001 fama
2325 2967 2425 3001 non
2467 2954 2616 3003 unius

1555 3025 1760 3106 actoris,
1791 3025 2165 3090 diductumque
2196 3028 2247 3076 in
2273 3036 2448 3092 partes
2474 3030 2616 3102 audi·

1555 3084 1749 3149 entium
1770 3102 2026 3150 studium:
2061 3102 2126 3151 ad
2147 3104 2242 3153 hoc
2266 3103 2485 3154 dicentis
2507 3120 2618 3169 ges-

1555 3184 1658 3241 tus,
1691 3179 1937 3238 incessus,
1974 3179 2230 3229 discursus
2258 3180 2434 3243 etiam,
2455 3181 2617 3229 omni-

1554 3252 1754 3318 busque
1792 3254 2012 3303 motibus
2051 3254 2206 3303 animi
2239 3264 2616 3306 consentaneus

1555 3330 1707 3393 vigor
1728 3328 1979 3393 corporis.
2036 3331 2188 3380 Unde
2211 3330 2425 3392 accidit,
2448 3340 2508 3381 ut
2528 3332 2617 3396 qui

1557 3404 1797 3453 sedentes
1820 3411 1998 3471 agunt,
2021 3406 2249 3469 quamvis
2272 3406 2371 3453 illis
2394 3407 2618 3456 maxima

1557 3492 1625 3525 ex
1660 3484 1814 3540 parte
1849 3480 2107 3542 supersint
2144 3479 2325 3529 eadem
2364 3481 2451 3529 illa
2498 3497 2615 3546 quae

1557 3552 1833 3616 stantibus,
1876 3560 2043 3609 tamen
2084 3556 2199 3619 boc,
2235 3556 2373 3620 quod
2415 3556 2620 3621 sedent,

1557 3628 1774 3695 [quanto
1793 3630 1954 3695 magis
1971 3633 2189 3695 paenulis
2206 3633 2384 3683 inclusi
2399 3634 2437 3696 !]
2472 3634 2619 3699 quasi

1559 3704 1913 3771 debilitentur,
1944 3714 1999 3757 et
2022 3708 2394 3773 deprimantur.
2465 3711 2617 3759 Reci-

1559 3782 1781 3831 tantium
1826 3798 1970 3845 vero,
2013 3788 2277 3850 proecipua
2324 3786 2619 3849 pronuntia-

1563 3856 1717 3905 tionis
1748 3858 2065 3921 adjumenta,
2103 3862 2257 3923 oculi,
2288 3876 2463 3909 inanus
2487 3876 2619 3924 proe·

1563 3934 1860 3997 pediuntur.
1926 3938 2043 3989 Quo
2061 3936 2223 3985 minus
2244 3937 2425 3985 mirum
2447 3945 2548 3999 est,
2574 3937 2621 3986 si

1563 4011 1849 4060 auditorum
1875 4013 2095 4061 intentio
2126 4012 2431 4072 languescit,
2464 4012 2620 4061 nullis

1562 4087 1879 4140 extrinsecus
1918 4098 2009 4135 aut
2048 4085 2405 4135 blandimentis
2442 4092 2623 4163 capta)

1559 4170 1652 4211 aut
1673 4162 1863 4211 aculeis
1884 4160 2148 4210 excitata?

1625 4234 1871 4301 Poenalas]
1908 4234 2124 4285 Famulus
2143 4236 2231 4293 hi·
2247 4239 2533 4305 memorat·
2566 4242 2621 4290 at
