3175 4934
584 374 765 443 3472

1294 392 1361 440 0¹.
1412 388 1609 441 0081(
1619 387 1776 441 Bm!
1821 389 2078 441 'uuum

591 531 879 601 vincere‘
900 532 1301 618 inglorium,⁸
1324 539 1394 598 et
1416 533 1612 599 atteri
1637 530 2026 611 sordidum,'¹
2051 533 2514 599 arbitrabatur.
2559 533 2796 601 Minus

1586 786 1799 840 Nom-2

592 946 843 1012 principis
860 952 953 997 ant
974 946 1315 1011 popularium,
1345 952 1403 998 et
1432 948 1656 998 anctori-

590 1028 705 1073 tate
727 1036 868 1085 soepe
888 1023 1093 1085 legatos
1126 1021 1518 1084 praecellebant.
1584 1024 1657 1073 Et

592 1095 651 1146 in
690 1096 745 1145 id
787 1110 851 1145 eo
893 1096 1061 1144 acrius
1104 1095 1493 1159 incumbebant,
1531 1098 1657 1161 quia

590 1171 838 1233 minores,
858 1178 918 1220 ut
951 1172 1061 1221 scil.
1100 1178 1351 1234 pretores
1375 1173 1657 1235 anteirent,

593 1248 729 1299 tales
748 1247 977 1297 homines
998 1244 1208 1295 fovente
1228 1254 1285 1297 et
1304 1247 1543 1298 consulto
1564 1248 1656 1297 im-

593 1324 827 1388 pellente
848 1323 1105 1387 principe,
1126 1331 1187 1373 ut
1208 1330 1263 1373 et
1286 1324 1385 1388 ipsi
1421 1330 1656 1373 rectores

594 1399 977 1465 provinciarum
1027 1400 1387 1462 observarent,
1431 1400 1657 1450 custodi-

594 1483 815 1541 rentque
837 1477 982 1526 velut
1002 1476 1579 1541 emissarii,‚braxomal
1601 1483 1659 1526 et

592 1550 952 1615 inquisitores:
990 1554 1224 1613 quamvis
1262 1553 1362 1603 sibi
1402 1553 1565 1617 inagis
1604 1553 1658 1601 bi

594 1624 865 1675 studerent
904 1639 1066 1689 saepe,
1094 1642 1246 1692 quam
1285 1627 1369 1679 vel
1413 1627 1660 1692 principi,

594 1701 682 1751 vel
705 1700 1043 1765 Reipublicae.

658 1778 903 1829 Adversas
942 1780 1166 1845 collegas]
1226 1779 1316 1829 Sic
1358 1777 1427 1828 de
1476 1775 1662 1827 Africa

593 1854 737 1907 nist.
775 1868 853 1906 iv.
888 1859 973 1905 n.
1006 1856 1023 1883 ‘
1047 1856 1299 1920 AEquatus
1334 1854 1477 1904 inter
1500 1854 1659 1903 duces

594 1929 965 1981 beneficiorum
1028 1944 1287 1992 numerus,
1356 1938 1413 1981 et
1486 1930 1660 1983 mixu's

593 2008 867 2073 utriusque
908 2008 1185 2069 mandatis,
1222 2006 1483 2059 discordia
1521 2020 1662 2069 qua»-

592 2084 697 2134 sita
717 2090 1004 2149 auctaque:
1036 2098 1197 2148 pravo
1216 2084 1503 2134 certamine
1523 2082 1663 2145 lega·

540 2172 547 2179 ·
595 2166 767 2209 torum
793 2160 883 2223 jus
916 2160 1165 2221 adolevit,
1184 2158 1527 2209 diuturnitate
1549 2154 1658 2206 offi-

596 2235 685 2297 cii,
706 2235 793 2284 vel
828 2234 949 2299 quia
984 2235 1267 2283 minoribus
1303 2234 1471 2297 major
1502 2246 1657 2281 aemu-

592 2309 737 2361 laudi
756 2324 913 2360 cura:
954 2309 1316 2373 proconsulum
1350 2307 1659 2371 splendidis-

596 2386 752 2435 sinsns
770 2384 1004 2450 quisque,
1024 2384 1292 2435 securitati
1320 2384 1484 2448 magis
1503 2396 1656 2447 quam

594 2458 846 2523 potentie
864 2458 1240 2510 consulebant!

664 2533 905 2597 Collega]
933 2534 1095 2583 Certe
1115 2539 1481 2596 procuratores
1504 2546 1660 2597 qnan-

596 2609 771 2673 doque
789 2608 1009 2658 adhibiti
1040 2622 1074 2657 a
1108 2608 1415 2672 proconsule
1448 2607 1499 2657 in
1517 2608 1658 2671 judi·

597 2684 691 2735 ciis
723 2689 783 2733 et
824 2684 1069 2747 negotiis,
1103 2682 1190 2732 vel
1230 2683 1540 2733 necessitate
1579 2698 1659 2733 re·

596 2772 727 2821 run,
756 2758 841 2807 vel
860 2759 1014 2807 etiarn
1028 2758 1179 2821 jussu
1202 2756 1469 2822 principis.
1518 2758 1660 2808 Plin.

596 2834 751 2899 epist.
782 2845 836 2884 x.
857 2836 941 2883 ⁹⁰.
972 2834 989 2862 ‘
1016 2832 1343 2895 Nicen-ibus,
1378 2832 1467 2898 qui
1502 2832 1662 2883 intes·

596 2916 822 2961 tatorum
862 2909 1051 2960 civium
1102 2923 1311 2960 suorum
1363 2922 1660 2959 concessam

594 2985 1001 3037 vindicationem
1038 2984 1289 3036 bonorum
1322 2998 1355 3033 a
1387 2984 1529 3035 Divo
1550 2978 1660 3035 Au-

595 3068 749 3127 gusto
766 3060 1043 3123 affirmant,
1060 3059 1279 3111 debebis
1308 3074 1519 3123 vacare,
1536 3074 1660 3110 con·

598 3139 782 3195 tractis
824 3136 1063 3189 omnibus
1119 3135 1372 3199 personis,
1411 3134 1479 3184 nd
1520 3135 1659 3185 idem

594 3216 865 3279 negotium
943 3212 1347 3277 pertinentibus,
1416 3210 1659 3261 adhibitis

597 3289 781 3339 Virdio
818 3287 1130 3349 Gemellino,
1170 3293 1227 3335 et
1272 3284 1555 3347 Epimacho
1599 3285 1659 3334 li-

594 3364 747 3414 berto
776 3376 895 3413 meo
933 3360 1371 3426 procuratoribus,
1406 3368 1485 3424 nt,
1520 3362 1661 3413 aesti·

596 3440 751 3490 natis
770 3438 927 3489 etiam
949 3438 1012 3489 iis
1032 3452 1149 3503 que
1182 3442 1364 3487 contra
1394 3436 1656 3500 dicuntur,

596 3516 734 3582 quod
744 3516 997 3581 optimum
1016 3514 1367 3577 credideritis,
1378 3514 1658 3565 statuatis.'

662 3594 793 3643 Cum
823 3594 923 3643 boc
966 3598 1141 3642 tamen
1164 3590 1487 3652 discrimine,
1519 3590 1660 3655 quod

598 3669 693 3721 sub
726 3669 873 3720 malls
911 3668 1235 3733 principibus
1272 3668 1442 3718 liberti
1468 3673 1522 3717 et
1544 3682 1662 3731 pro·

596 3752 861 3797 curatores
900 3743 1295 3807 proconsulibus
1335 3742 1662 3793 dominaren-

596 3828 701 3883 tur,
720 3826 775 3869 et
796 3822 998 3869 tantum
1020 3832 1085 3867 ex
1114 3818 1328 3868 arbitrio
1350 3817 1660 3867 nebulonum

596 3894 725 3945 fides
762 3894 1163 3945 clarissimorum
1198 3894 1423 3942 virorum
1456 3898 1661 3955 specta·

596 3977 777 4031 retur;
832 3977 890 4020 at
942 3976 1147 4031 contra,
1190 3968 1357 4019 bonus
1414 3968 1660 4033 princeps

596 4060 703 4095 non
738 4046 953 4097 baberet
987 4042 1143 4095 fldem
1184 4042 1533 4107 procuratori,
1560 4042 1660 4093 nisi

594 4122 651 4171 ln
688 4126 933 4185 quantum
971 4119 1262 4183 proconsuli
1282 4118 1335 4169 in
1356 4118 1579 4185 negotiis
1603 4125 1661 4169 et

596 4196 897 4255 ministeriis
916 4211 973 4248 se
992 4194 1352 4263 approbasset.

1799 949 1956 1003 Quod
1978 954 2128 1015 patet
2149 962 2214 998 ex
2236 948 2315 997 his
2343 946 2503 997 Plinii
2539 945 2708 1009 Epist.
2737 958 2799 997 x.

1733 1030 1816 1077 ⁹1.
1853 1027 1872 1055 ⁸
1893 1026 2177 1075 Maximum
2209 1024 2450 1073 libertum
2474 1028 2527 1070 et
2550 1035 2800 1085 procura.-

1735 1108 1903 1151 torcm
1932 1110 2096 1162 tuum,
2118 1098 2339 1160 domine,
2372 1112 2468 1161 per
2495 1111 2646 1147 omne
2667 1103 2804 1147 teui-

1735 1191 1851 1241 pus,
1873 1181 1974 1241 'quo
1991 1174 2178 1225 fuimus
2199 1188 2322 1236 una,
2357 1173 2594 1238 probum,
2623 1172 2800 1223 indus·

1739 1253 1896 1303 trium
1917 1262 1974 1301 et
1991 1251 2292 1315 diligentem
2309 1266 2326 1311 ς
2348 1264 2411 1298 ac
2427 1249 2566 1299 sicut
2587 1247 2666 1297 rei
2685 1254 2799 1299 tu.

1737 1327 2156 1387 amantissimum,
2173 1326 2249 1376 ita
2264 1324 2552 1386 disciplina
2574 1324 2802 1373 tenacis·

1735 1402 1920 1451 simum
1963 1408 2232 1465 expertus,
2273 1400 2501 1451 libenter
2555 1397 2694 1463 apud
2743 1405 2802 1452 te

1737 1478 2034 1529 testimonio
2069 1490 2365 1541 persequor,
2396 1488 2470 1524 ea·
2489 1471 2610 1535 fide,
2640 1488 2802 1538 quarn

1737 1554 1834 1605 tibi
1851 1553 2056 1603 debeo.’

1804 1628 1954 1679 Quod
1992 1634 2050 1678 et
2087 1632 2388 1690 usurpatum
2425 1626 2480 1673 in
2519 1622 2632 1673 aliis
2661 1636 2801 1687 prn-

1683 1709 1708 1718 ‘
1737 1702 1917 1767 fectis,
1961 1719 2050 1754 seu
2113 1703 2299 1766 legatis
2345 1700 2696 1758 vicinioribus,
2735 1704 2801 1749 ut

1737 1781 1894 1830 etiam
1917 1786 2066 1843 patet
2085 1792 2152 1828 ex
2179 1776 2416 1841 sequenti
2438 1776 2684 1839 epistola;
2719 1774 2802 1824 ita

1739 1857 1871 1905 utin
1893 1855 2112 1921 negotiis
2133 1852 2460 1918 perficiendis
2479 1856 2660 1901 munio
2677 1864 2804 1901 eon·

1739 1930 2012 1982 sentirent.
2062 1930 2200 1979 Plin.
2225 1930 2390 1993 Epist.
2412 1932 2496 1979 ⁹⁸.
2525 1928 2543 1956 ⁴
2567 1925 2802 1977 Gabinus

1739 2007 1975 2069 Bassum,
1986 2005 2212 2069 domine,
2224 2002 2528 2069 prefectum
2537 2017 2644 2053 orte
2661 2002 2804 2053 Pon·

1742 2080 1881 2142 tiene,
1916 2080 2192 2143 integrum,
2220 2078 2460 2143 probum,
2478 2085 2638 2143 atque
2657 2078 2802 2129 inter

1735 2156 1836 2207 ista
1873 2157 2337 2207 reverentissimum
2371 2156 2492 2219 mei,
2527 2162 2802 2218 expertus,

1738 2239 1859 2285 voto
1895 2234 2093 2297 pariter
2129 2238 2185 2282 et
2207 2228 2452 2295 suffragio
2478 2228 2798 2295 prosequor:

1735 2314 1836 2361 &c-

1800 2384 1822 2419 f
1854 2383 2074 2450 Vincere]
2127 2380 2360 2434 Mediam
2409 2380 2548 2431 viam
2588 2379 2800 2441 inierat,

1734 2462 1812 2512 ita
1831 2470 1893 2511 ut
1915 2475 2083 2526 neque
2105 2460 2287 2513 vincere
2306 2458 2469 2508 vellet
2490 2456 2620 2507 tales
2636 2455 2800 2506 bomi-

1735 2549 1848 2601 nes,
1883 2536 2022 2601 quod
2051 2536 2148 2599 ipsi
2183 2533 2474 2596 inglorium·
2511 2544 2681 2597 neque
2717 2536 2800 2580 ta-

1734 2626 1856 2663 rnen
1897 2609 2037 2661 infra
2073 2610 2215 2675 ipsos
2254 2608 2460 2670 videri3
2501 2615 2596 2658 aut
2629 2606 2802 2669 atter-i,

1735 2702 1827 2737 seu
1849 2686 2111 2738 contemni
2132 2700 2188 2735 se
2208 2699 2310 2734 non
2335 2689 2632 2748 pateretnr3
2655 2680 2801 2745 quod

1737 2762 2012 2827 splendido
2040 2763 2150 2811 viro
2171 2761 2429 2823 sordidinis,
2451 2766 2624 2823 turpe,
2641 2764 2699 2807 et
2717 2756 2800 2807 in·

1737 2836 1952 2902 dignum
1973 2834 2130 2889 foret.

1803 2922 1830 2958 ⁸
1861 2912 2148 2977 luston-iun]
2181 2914 2246 2964 id
2282 2920 2339 2963 et
2361 2910 2626 2978 sequentia
2644 2908 2802 2960 intel·

1737 2989 1844 3055 lige
1863 2994 2066 3040 tantum
2085 2990 2151 3039 de
2175 2988 2608 3053 procuratoribus,
2629 3000 2662 3035 a
2683 2986 2801 3051 qni-

1736 3062 1834 3113 bus
1866 3064 2169 3129 plerumque
2189 3063 2512 3113 dissidebant
2529 3060 2690 3126 legati
2705 3074 2802 3113 seu

1737 3140 2106 3205 proconsules3
2171 3153 2275 3187 non
2317 3138 2384 3187 de
2420 3136 2634 3201 collegis
2677 3151 2800 3201 pro-

1738 3216 1870 3279 prie,
1907 3216 1995 3280 qui
2029 3213 2168 3264 forte
2205 3220 2296 3263 aut
2337 3226 2547 3261 munere
2587 3212 2796 3276 aquales

1737 3296 1927 3340 essent.
1971 3290 2058 3339 Sic
2078 3289 2130 3338 in
2153 3288 2407 3352 Hispania
2433 3292 2798 3351 procuratores

1739 3366 1984 3428 Neronis,
2019 3366 2342 3430 provinciam
2381 3364 2677 3413 lacerantes
2717 3377 2798 3413 re-

1735 3441 1996 3505 primebat
2028 3440 2219 3505 Galba,
2249 3448 2305 3491 et
2335 3440 2582 3500 carmina,
2600 3453 2716 3503 quae
2741 3438 2796 3489 iu

1736 3532 1853 3569 eum
1891 3518 2350 3585 componebantur,
2384 3531 2491 3567 non
2522 3514 2796 3581 aegrefere·

1741 3594 1849 3659 bat,
1867 3604 1959 3647 aut
1987 3596 2245 3660 abolebat,
2281 3600 2342 3645 ut
2372 3593 2579 3645 scelesti
2603 3589 2798 3643 liberti.

1737 3673 2070 3723 Plutarchus.

1801 3746 1828 3783 Β
1873 3749 2038 3799 Atteri
2089 3746 2353 3808 wrdidan]
2414 3744 2633 3794 Senecae
2678 3744 2794 3791 est:

1735 3824 1752 3853 ‘
1777 3824 1907 3875 eum
1947 3824 2213 3888 superiore
2261 3819 2595 3881 contendere,
2637 3816 2797 3867 furio·

1739 3912 1884 3959 suru3
1935 3912 2051 3947 cum
2095 3897 2227 3960 pari,
2274 3910 2497 3960 anceps3
2558 3907 2678 3945 curn
2719 3892 2796 3943 in·

1739 3974 1950 4037 feriore,
1965 3972 2264 4024 sordidum!

1803 4051 1874 4101 Et
1903 4050 1992 4101 lib.
2012 4063 2054 4100 ι.
2075 4048 2144 4099 de
2167 4048 2332 4099 ciem.
2354 4061 2474 4111 cap.
2495 4050 2578 4097 21.
2604 4046 2798 4109 monet,

1735 4126 1753 4155 ‘
1775 4140 1808 4175 a
1844 4124 2165 4191 quibusdam,
2201 4115 2308 4174 non
2339 4122 2494 4173 aliter
2535 4134 2690 4185 quam
2724 4118 2794 4170 ab

1737 4200 2038 4253 animallbns
2057 4199 2232 4267 parvis
2269 4204 2328 4251 et
2361 4198 2690 4251 obterentem
2717 4194 2793 4247 in·
