3175 4934
596 353 789 424 8614‘

1316 369 1381 419 0.
1426 365 1626 418 comt
1635 363 1760 416 nm
1767 366 1792 414 1
1835 362 2099 416 '1201'ss

596 521 740 581 tum
770 531 929 580 reus
974 473 1159 581 era'ts
1244 511 1416 578 Mox
1458 517 1702 580 nostrae
1732 511 2008 578 duxereu
2056 506 2452 575 Helvidium
2479 504 2552 571 in
2579 525 2816 572 carce-

592 719 865 771 maclam:
894 724 1142 784 renuerat,
1170 717 1400 769 noudum
1422 717 1643 768 delator.
1711 717 1888 768 Postea
1925 715 2102 766 nostris
2141 711 2360 765 noiibus
2393 714 2490 778 ipss·
2523 710 2816 764 nemea-n

1601 895 1816 947 NOTAE

600 1015 715 1067 aliis
737 1022 1119 1080 superstructa:
1149 1031 1212 1067 eo
1246 1018 1453 1068 nomine
1486 1020 1666 1083 appel·

600 1091 757 1159 laut,)
775 1093 933 1158 idque
956 1093 1227 1145 coufirmat
1246 1097 1347 1144 illis
1360 1095 1531 1159 poetae
1552 1109 1666 1146 ver-

596 1169 766 1221 sibus:
804 1170 822 1198 ‘
838 1169 1090 1233 Septenos
1114 1171 1315 1235 pariter
1338 1173 1523 1220 credas
1545 1185 1667 1221 cou-

600 1259 813 1312 surgere
858 1253 1080 1310 montes,
1115 1247 1462 1297 Thessalicum
1500 1248 1666 1297 levior

601 1319 786 1371 Pelion
811 1320 947 1371 Ossa
970 1322 1121 1372 tulit!
1184 1323 1471 1384 verdunens.

665 1397 805 1446 Intro
824 1396 1081 1460 Albanam]
1114 1398 1178 1446 Id
1204 1406 1305 1459 est,
1338 1397 1563 1447 nondum
1587 1397 1663 1447 ul-

599 1480 686 1523 tra
722 1473 1017 1523 cubiculum
1053 1475 1305 1538 priuci‘pis
1342 1475 1666 1536 audiebatur,

598 1563 695 1598 uec
716 1550 823 1598 late
854 1549 1021 1598 adbuc
1056 1551 1368 1612 personabat
1389 1565 1491 1599 vox
1524 1549 1664 1598 dela-

600 1625 759 1683 toris;
794 1622 1020 1671 nondum
1054 1623 1105 1671 iu
1136 1625 1312 1688 Curia,
1346 1624 1574 1673 noudum
1611 1625 1664 1672 in

601 1697 783 1748 seu'atu
798 1698 1065 1760 saeviebat,
1080 1697 1318 1749 furebat:
1354 1700 1578 1749 noudum
1601 1713 1663 1749 eo

600 1787 763 1839 usque
786 1775 1115 1836 grassabatur
1138 1789 1317 1824 vecors
1338 1781 1393 1824 et
1410 1781 1559 1825 atrox
1579 1776 1667 1824 de·

600 1851 737 1901 lator
756 1851 862 1913 ille,
882 1857 941 1898 ut
966 1857 1163 1914 postea.

664 1925 922 1986 Albanam]
976 1924 1255 1988 Albanum,
1294 1925 1416 1975 villa
1462 1925 1668 1976 Latino-

601 2015 715 2051 rum
738 2004 1061 2065 populorum,
1084 2003 1133 2048 in
1160 2003 1326 2051 Latio.
1392 2001 1563 2052 Hodie
1582 2002 1668 2050 Al-

600 2079 734 2140 bano,
758 2078 882 2127 urbs
906 2077 1205 2141 Campaniae
1230 2079 1496 2142 Romanae,
1518 2078 1569 2126 iu
1590 2077 1665 2126 di·

599 2153 747 2203 tione
770 2152 1053 2216 pontificia.

664 2236 685 2262 ⁸
706 2230 871 2277 Massa
884 2229 1085 2292 Bebius]
1117 2228 1199 2277 De
1214 2244 1313 2293 quo
1331 2228 1471 2280 Pliu.
1492 2228 1664 2291 Epist.

602 2305 635 2355 1.
658 2318 744 2354 ιιι.
767 2308 817 2353 4.
856 2305 871 2331 ‘
898 2305 1081 2366 Legati
1106 2303 1407 2367 [provinciae
1428 2303 1666 2366 Baeticae]

602 2395 778 2430 rursus
820 2381 1037 2442 inducti,
1083 2395 1165 2429 me
1202 2381 1311 2444 jam
1356 2385 1662 2443 praesentem

603 2455 907 2504 advocatum
942 2455 1355 2517 postulaverunt,
1386 2455 1664 2519 implorau-

601 2539 683 2583 tes
704 2531 860 2580 fidem
894 2545 1080 2594 meam,
1112 2547 1267 2596 quam
1290 2539 1461 2581 essent
1482 2537 1665 2581 contra

602 2607 829 2655 Massam
864 2605 1083 2654 Bebium
1122 2608 1345 2670 experti,
1380 2609 1665 2667 allegantes

600 2679 877 2744 patrocinii
905 2677 1109 2728 soedusss
1174 2679 1321 2730 Infra
1338 2697 1353 2728 ι
1392 2682 1408 2708 ‘
1430 2682 1559 2729 Cum
1584 2695 1664 2730 re-

602 2755 865 2818 cordarer,
891 2761 1085 2818 quauta
1122 2769 1217 2818 pro
1248 2755 1427 2805 iisdem
1449 2754 1664 2805 Baeticis

600 2831 867 2894 superiore
894 2830 1237 2880 advocatione
1276 2831 1437 2881 etiam
1460 2832 1665 2896 pericu-

600 2908 654 2956 la
692 2905 981 2966 subiissem,
1024 2905 1435 2955 conservandum
1476 2906 1666 2954 veteris

600 2979 757 3032 officii
778 2983 1017 3032 meritum
1042 2997 1175 3032 novo
1198 2980 1507 3032 videbatur?
1538 2984 1665 3031 Scil.

600 3073 719 3110 cum
738 3059 889 3109 datus
910 3068 1045 3108 esset
1069 3059 1279 3107 Baeticis
1300 3066 1550 3122 patronus
1572 3073 1666 3106 seu

600 3133 883 3184 advocatus
909 3135 1153 3182 adversus
1176 3134 1415 3196 Bebium,
1435 3133 1521 3196 qui
1548 3147 1665 3194 pro-

598 3209 825 3259 vinciam
846 3209 1116 3270 spoliarat,
1136 3215 1191 3256 et
1208 3207 1476 3270 ‘januum
1499 3206 1666 3256 adhuc

599 3299 719 3333 reus
741 3285 889 3344 erat,’
910 3282 1133 3330 nondum
1170 3283 1373 3332 delator
1404 3282 1667 3346 terribilis,

600 3369 662 3413 ut
682 3369 864 3425 postea
882 3378 896 3420 3
930 3375 1045 3409 cum
1072 3361 1231 3424 igitur
1250 3361 1313 3410 iis
1329 3373 1357 3408 a
1376 3367 1555 3409 senatu
1578 3360 1666 3409 da-

599 3444 685 3487 tus
706 3444 845 3486 esset
868 3447 1126 3499 patronus,
1162 3447 1329 3484 tamen
1365 3436 1664 3486 incurrebat

599 3513 772 3562 odium
788 3513 1076 3562 Domitiani
1092 3521 1148 3563 et
1164 3513 1507 3576 gratiosorum
1526 3511 1664 3561 forte

598 3591 921 3650 libertorum,
978 3599 1067 3639 aut
1130 3592 1284 3640 etiam
1354 3605 1626 3655 procerum
1646 3609 1661 3654 3

600 3665 793 3732 qnippe
814 3667 902 3713 ille
918 3665 1029 3729 jam
1054 3665 1265 3714 favebat
1286 3667 1519 3730 pessimis
1542 3665 1663 3714 viris

600 3749 659 3792 et
696 3743 1034 3792 delatoribus:
1072 3744 1159 3807 qui
1194 3743 1349 3792 etiam
1392 3757 1531 3807 saepe
1570 3743 1662 3793 diu

602 3817 792 3866 secreti
810 3816 1135 3877 internuntii,
1150 3825 1205 3866 et
1220 3833 1433 3882 quorum
1450 3815 1662 3866 fraudes

598 3891 873 3940 manebant
912 3893 1133 3940 orrnltae
1176 3894 1227 3940 in
1270 3891 1459 3942 scrinio
1498 3892 1660 3942 domi-

600 3969 793 4032 nantis,
832 3967 998 4017 donec
1023 3968 1221 4018 sit-vitia
1244 3969 1453 4018 tandein
1492 3981 1660 4018 erum-

602 4049 776 4110 peret.

664 4121 683 4152 ‘
712 4121 829 4169 Jun
848 4123 950 4168 tum
969 4133 1077 4169 reus
1096 4119 1223 4183 erat]
1256 4119 1360 4172 Qui
1390 4119 1662 4170 damnatus

602 4195 809 4264 quidem
830 4202 1014 4264 postea
1034 4204 1133 4264 est,
1160 4195 1522 4256 accusantibus
1542 4197 1664 4250 13ae-

1747 1017 1881 1082 ticis,
1903 1021 1962 1067 ut
1985 1017 2154 1066 disces
2174 1029 2242 1080 eg
2264 1012 2424 1063 Plinii
2457 1009 2682 1076 epistola
2711 1008 2824 1058 ult

1745 1096 1781 1144 1.
1800 1107 1904 1146 vn.
1955 1094 2162 1158 Lipsius.

1807 1173 1921 1221 Jmu
1937 1169 2064 1233 tum]
2099 1169 2258 1219 rorte
2271 1167 2420 1218 etima
2431 1169 2554 1215 tun.
2576 1163 2824 1214 Gronov.

1744 1248 1904 1298 Forte
1925 1249 2052 1310 jam,
2087 1261 2204 1310 pro,
2235 1245 2402 1294 adhuc
2423 1249 2526 1292 tun
2543 1253 2656 1292 reus
2673 1243 2786 1290 erut
2800 1253 2826 1290 .-

1745 1336 1846 1372 nou
1869 1323 2112 1386 displicet
2120 1321 2226 1383 jum
2247 1327 2366 1370 tum·

1809 1399 1940 1448 Reus
1971 1400 2098 1463 erut]
2151 1400 2236 1448 De
2277 1393 2584 1460 repetundis
2619 1387 2830 1456 agente

1743 1474 1944 1524 Boetica
1981 1473 2270 1538 provincia,
2303 1472 2592 1522 Senecione
2621 1477 2682 1519 et
2703 1469 2822 1518 Pli-

1743 1551 1830 1600 nio
1873 1549 2255 1610 accusantibus,
2301 1553 2364 1598 ut
2415 1546 2556 1598 idem
2603 1544 2820 1595 Plinius

1745 1626 1914 1690 Epist.
1929 1639 2027 1674 vu.
2051 1629 2135 1674 88.
2189 1623 2416 1673 Sanitium

1807 1707 1831 1732 ¹¹
1867 1702 1990 1750 Mox
2010 1705 2180 1749 nostra·
2197 1700 2398 1763 duxere]
2427 1697 2564 1747 Nam
2587 1695 2644 1746 iu
2665 1709 2824 1745 seua-

1746 1784 1803 1825 tn
1846 1783 2135 1840 accusatus,
2172 1781 2226 1824 et
2261 1788 2443 1824 manus
2477 1773 2552 1823 ibi
2593 1773 2820 1836 injectas

1747 1857 1886 1915 snut,
1921 1853 2142 1901 maxime
2180 1858 2235 1900 et
2269 1851 2490 1915 primum
2522 1864 2555 1897 a
2585 1847 2823 1913 quod-u

1747 1931 1923 1979 Certo.
1961 1927 2120 1976 Plinii
2159 1927 2383 1991 epistola
2423 1925 2629 1988 legatur
2663 1923 2703 1973 l.
2729 1935 2822 1974 ιι.

1747 2007 1828 2052 13.
1883 2003 2019 2052 Haee
2051 2009 2224 2051 autem
2255 1999 2532 2049 referenda
2567 2003 2712 2060 sunt,
2749 2011 2824 2047 ne

1746 2075 1858 2142 quis
1879 2083 2034 2138 erret,
2055 2077 2120 2126 ad
2149 2075 2424 2125 Heluidium
2445 2075 2632 2140 filiun,
2655 2089 2824 2139 quem

1745 2153 2071 2202 Domitianus
2105 2151 2330 2212 occidit3
2361 2151 2603 2216 (Sueton.
2627 2165 2683 2201 c.
2707 2149 2824 2214 10.)

1744 2243 1860 2280 cum
1905 2235 2106 2292 patrem
2149 2230 2266 2292 ejus
2309 2227 2422 2291 ipse
2455 2226 2824 2290 Vespasianus

1743 2305 2113 2355 interemisset:
2149 2304 2286 2353 idem
2302 2304 2444 2352 Suet.
2463 2302 2626 2364 Vesp.
2653 2317 2704 2352 c.
2730 2305 2822 2352 15.

1807 2379 1912 2428 Sed
1947 2378 2222 2428 Helvidius
2255 2377 2337 2426 hic
2357 2375 2494 2424 filius
2515 2389 2619 2440 qua
2639 2385 2824 2425 matre

1743 2455 1922 2504 natus?
1960 2453 2162 2502 Habuit
2201 2467 2325 2502 saue
2347 2452 2618 2502 Helvidius
2653 2458 2826 2516 patei·

1745 2530 1980 2580 Fanniam
1997 2543 2231 2592 uxorem,
2245 2529 2400 2578 tiliam
2415 2529 2634 2578 'nrm
2649 2529 2792 2578 Pau·
2801 2547 2826 2579 .-

1745 2606 1884 2670 quod
1918 2606 1970 2654 in
1993 2605 2150 2669 epist.
2173 2607 2329 2655 l.v11.
2353 2609 2432 2654 19.
2469 2603 2608 2668 apud
2645 2604 2822 2654 Plini-

1744 2695 1829 2730 um
1853 2680 1994 2730 elare
2016 2680 2286 2743 scriptum.
2353 2679 2400 2728 N
2407 2693 2474 2729 ou
2493 2685 2672 2728 tamen
2693 2679 2820 2730 haec

1744 2763 1912 2805 mater
1955 2755 2184 2804 Helvidii
2227 2755 2448 2816 junioris
2499 2753 2674 2816 hujus,
2717 2753 2818 2802 sed

1745 2845 1998 2881 noverca:
2033 2838 2090 2880 et
2109 2832 2184 2879 ita
2201 2830 2336 2879 idem
2353 2829 2556 2878 Plinius
2575 2830 2820 2892 appellat

1744 2908 1897 2970 epist.
1931 2907 1966 2956 l.
1993 2919 2069 2955 ix.
2098 2909 2178 2956 1³.
2244 2907 2260 2932 ⁴
2283 2905 2476 2954 Fuerat
2507 2917 2626 2953 cum
2651 2905 2820 2954 Arria

1745 2989 1799 3032 et
1819 2983 2033 3044 Fannia,
2049 2995 2264 3046 quarum
2277 2981 2444 3030 altera
2455 2981 2710 3030 Helvidio
2723 2995 2822 3031 uo·

1744 3071 1917 3120 verca,
1952 3059 2120 3106 altera
2153 3065 2322 3106 mater
2339 3059 2613 3105 noverca!
2669 3058 2818 3108 Nam

1745 3133 1939 3180 Fannia
1961 3133 2070 3181 haec
2093 3147 2220 3180 uxor
2244 3131 2476 3200 Helvidii
2513 3131 2710 3193 Prisci,
2751 3141 2818 3183 ut

1747 3207 1898 3256 Arria
1921 3223 2050 3256 uxor
2065 3209 2330 3270 Tliraseae3
2365 3214 2423 3256 et
2445 3221 2570 3270 ergo
2593 3209 2818 3260 Fanniae

1744 3291 1930 3333 mater.

1808 3361 1890 3410 Ex
1931 3361 2008 3409 bis
2051 3361 2236 3426 liquet,
2281 3360 2564 3412 Helvidium
2598 3369 2818 3428 putrem,

1743 3435 1894 3484 aliam
1917 3451 2132 3484 uxorem
2155 3444 2278 3486 ante
2299 3437 2532 3488 Fanniam
2551 3437 2817 3502 babuisse,

1743 3517 1799 3560 et
1833 3525 1898 3559 ex
1937 3525 2003 3559 ea
2041 3513 2272 3574 prolem:
2315 3511 2416 3562 etsi
2438 3516 2455 3543 ⁸
2481 3515 2817 3566 Quaestorius

1743 3587 1906 3637 adbuc
1945 3601 1976 3636 a
1997 3587 2224 3640 Thrasea
2261 3603 2424 3652 gener
2459 3591 2528 3640 sit
2567 3591 2818 3656 electus,'

1743 3671 1798 3715 ut
1821 3666 1857 3714 l.
1877 3677 1953 3714 tv.
1979 3665 2122 3714 Hist.
2141 3667 2413 3729 scriptum.
2461 3667 2672 3731 Lipsius.

1805 3743 2000 3790 Nostroe
2017 3743 2195 3792 duxere
2211 3743 2490 3792 Helvidium
2503 3745 2556 3793 in
2572 3759 2816 3794 cur-cerens

1739 3817 1928 3879 munus]
1961 3818 2032 3866 Ut
2057 3825 2277 3881 patrem,
2315 3819 2390 3868 ita
2411 3829 2466 3868 et
2489 3819 2646 3869 filium
2673 3821 2812 3870 Hel·

1739 3893 1950 3955 vidium,
1969 3895 2171 3943 abunde
2191 3903 2416 3945 testatur
2431 3897 2620 3946 bonum
2633 3897 2810 3946 virum

1739 3968 1914 4032 fuisse,
1961 3970 2096 4034 quod
2134 3987 2165 4020 a
2201 3971 2504 4021 Domitiano
2536 3973 2604 4021 sit
2639 3971 2812 4021 inter-

1740 4044 1925 4096 fectus.
1993 4046 2396 4096 I'raetexebutur
2425 4061 2603 4110 causa,
2623 4049 2638 4075 ‘
2657 4047 2804 4112 quod

1741 4123 1886 4187 quasi
1929 4123 2134 4172 scenico
2185 4123 2389 4188 exodio,
2436 4125 2530 4172 sub
2573 4137 2808 4187 persona

1740 4197 1950 4250 Paridis
1977 4206 2032 4250 et
2061 4199 2292 4250 OEnoues
2315 4199 2601 4252 divortium
2619 4197 2808 4250 Domi-
