<?xml version="1.0" encoding="UTF-8"?>
<!DOCTYPE html PUBLIC "-//W3C//DTD XHTML 1.0 Transitional//EN"
    "http://www.w3.org/TR/xhtml1/DTD/xhtml1-transitional.dtd">
<html xmlns="http://www.w3.org/1999/xhtml" xml:lang="en" lang="en">
 <head>
  <title>
</title>
<meta http-equiv="Content-Type" content="text/html;charset=utf-8" />
  <meta name='ocr-system' content='tesseract 3.04.00' />
  <meta name='ocr-capabilities' content='ocr_page ocr_carea ocr_par ocr_line ocrx_word'/>
</head>
<body>
  <div class='ocr_page' id='page_1' title='image "./operaomnia11tacigoog_0152.png"; bbox 0 0 3175 4934; ppageno 0'>
   <div class='ocr_carea' id='block_1_1' title="bbox 592 378 773 458">
    <p class='ocr_par' dir='ltr' id='par_1_1' title="bbox 592 378 773 458">
     <span class='ocr_line' id='line_1_1' title="bbox 592 378 773 458; baseline -0.011 0"><span class='ocrx_word' id='word_1_1' title='bbox 592 378 773 458; x_wconf 67' lang='lat'><strong>3372</strong></span> 
     </span>
    </p>
   </div>
   <div class='ocr_carea' id='block_1_2' title="bbox 1328 396 2099 447">
    <p class='ocr_par' dir='ltr' id='par_1_2' title="bbox 1328 396 2099 447">
     <span class='ocr_line' id='line_1_2' title="bbox 1328 396 2099 447; baseline -0.005 0"><span class='ocrx_word' id='word_1_2' title='bbox 1328 400 1392 447; x_wconf 80' lang='lat' dir='ltr'><strong>G.</strong></span> <span class='ocrx_word' id='word_1_3' title='bbox 1436 396 1634 447; x_wconf 77' lang='lat' dir='ltr'>GORN</span> <span class='ocrx_word' id='word_1_4' title='bbox 1650 397 1800 445; x_wconf 58' lang='lat'>3111!</span> <span class='ocrx_word' id='word_1_5' title='bbox 1847 396 2099 445; x_wconf 69' lang='lat' dir='ltr'><strong>&#39;mom</strong></span> 
     </span>
    </p>
   </div>
   <div class='ocr_carea' id='block_1_3' title="bbox 600 538 2804 733">
    <p class='ocr_par' dir='ltr' id='par_1_3' title="bbox 600 538 2804 733">
     <span class='ocr_line' id='line_1_3' title="bbox 601 538 2804 624; baseline -0.005 -11"><span class='ocrx_word' id='word_1_6' title='bbox 601 546 938 624; x_wconf 78' lang='lat' dir='ltr'><strong>Germani,</strong></span> <span class='ocrx_word' id='word_1_7' title='bbox 961 544 1311 610; x_wconf 86' lang='lat' dir='ltr'><strong>Carbone¹²</strong></span> <span class='ocrx_word' id='word_1_8' title='bbox 1340 549 1407 607; x_wconf 88' lang='lat' dir='ltr'><strong>et</strong></span> <span class='ocrx_word' id='word_1_9' title='bbox 1436 541 1678 605; x_wconf 83' lang='lat' dir='ltr'><strong>Cassio</strong></span> <span class='ocrx_word' id='word_1_10' title='bbox 1707 549 1774 605; x_wconf 90' lang='lat' dir='ltr'><strong>et</strong></span> <span class='ocrx_word' id='word_1_11' title='bbox 1801 540 2084 603; x_wconf 83' lang='lat' dir='ltr'><strong>Scauro⁰</strong></span> <span class='ocrx_word' id='word_1_12' title='bbox 2113 538 2392 603; x_wconf 84' lang='lat' dir='ltr'><strong>Aurelio</strong></span> <span class='ocrx_word' id='word_1_13' title='bbox 2421 544 2486 601; x_wconf 85' lang='lat' dir='ltr'><strong>et</strong></span> <span class='ocrx_word' id='word_1_14' title='bbox 2515 538 2804 602; x_wconf 77' lang='lat' dir='ltr'><strong>Servilio</strong></span> 
     </span>
     <span class='ocr_line' id='line_1_4' title="bbox 600 641 2800 733; baseline -0.005 -19"><span class='ocrx_word' id='word_1_15' title='bbox 600 649 943 733; x_wconf 66' lang='lat' dir='ltr'><strong>Caepione,</strong></span> <span class='ocrx_word' id='word_1_16' title='bbox 976 646 1125 711; x_wconf 66' lang='lat' dir='ltr'><strong>Cn.¹3</strong></span> <span class='ocrx_word' id='word_1_17' title='bbox 1156 665 1416 729; x_wconf 89' lang='lat' dir='ltr'><strong>quoque</strong></span> <span class='ocrx_word' id='word_1_18' title='bbox 1448 644 1742 707; x_wconf 58' lang='lat' dir='ltr'><strong>Manlio?</strong></span> <span class='ocrx_word' id='word_1_19' title='bbox 1785 643 1977 719; x_wconf 86' lang='lat' dir='ltr'><strong>fusis,</strong></span> <span class='ocrx_word' id='word_1_20' title='bbox 2035 643 2138 705; x_wconf 85' lang='lat' dir='ltr'><strong>vel</strong></span> <span class='ocrx_word' id='word_1_21' title='bbox 2192 641 2437 723; x_wconf 68' lang='lat' dir='ltr'><strong>captis-3,</strong></span> <span class='ocrx_word' id='word_1_22' title='bbox 2499 641 2800 723; x_wconf 81' lang='lat' dir='ltr'><strong>quinque</strong></span> 
     </span>
    </p>
   </div>
   <div class='ocr_carea' id='block_1_4' title="bbox 600 829 2801 899">
    <p class='ocr_par' dir='ltr' id='par_1_4' title="bbox 600 829 2801 899">
     <span class='ocr_line' id='line_1_5' title="bbox 600 829 2801 899; baseline -0.004 -14"><span class='ocrx_word' id='word_1_23' title='bbox 600 837 777 899; x_wconf 62' lang='lat' dir='ltr'><strong>Cassio,</strong></span> <span class='ocrx_word' id='word_1_24' title='bbox 798 842 845 885; x_wconf 78' lang='lat' dir='ltr'><strong>et</strong></span> <span class='ocrx_word' id='word_1_25' title='bbox 866 835 1041 884; x_wconf 77' lang='lat' dir='ltr'><strong>Scauro</strong></span> <span class='ocrx_word' id='word_1_26' title='bbox 1065 834 1279 895; x_wconf 78' lang='lat' dir='ltr'><strong>Aurelio,</strong></span> <span class='ocrx_word' id='word_1_27' title='bbox 1298 839 1343 883; x_wconf 74' lang='lat' dir='ltr'><strong>et</strong></span> <span class='ocrx_word' id='word_1_28' title='bbox 1380 833 1585 883; x_wconf 79' lang='lat' dir='ltr'><strong>Servilio</strong></span> <span class='ocrx_word' id='word_1_29' title='bbox 1611 834 1848 897; x_wconf 69' lang='lat' dir='ltr'><strong>Cepione,</strong></span> <span class='ocrx_word' id='word_1_30' title='bbox 1865 838 1915 883; x_wconf 78' lang='lat' dir='ltr'><strong>et</strong></span> <span class='ocrx_word' id='word_1_31' title='bbox 1939 834 2013 883; x_wconf 82' lang='lat' dir='ltr'><strong>M.</strong></span> <span class='ocrx_word' id='word_1_32' title='bbox 2032 834 2175 883; x_wconf 78' lang='lat' dir='ltr'><strong>etium</strong></span> <span class='ocrx_word' id='word_1_33' title='bbox 2204 833 2402 892; x_wconf 65' lang='lat' dir='ltr'><strong>ulmeio,</strong></span> <span class='ocrx_word' id='word_1_34' title='bbox 2425 833 2624 895; x_wconf 64' lang='lat' dir='ltr'><strong>quain-que</strong></span> <span class='ocrx_word' id='word_1_35' title='bbox 2655 829 2801 879; x_wconf 67' lang='lat' dir='ltr'><strong>simul</strong></span> 
     </span>
    </p>
   </div>
   <div class='ocr_carea' id='block_1_5' title="bbox 1520 960 1877 982">
    <p class='ocr_par' dir='ltr' id='par_1_5' title="bbox 1520 960 1877 982">
     <span class='ocr_line' id='line_1_6' title="bbox 1520 960 1877 982; baseline 0.006 -2"><span class='ocrx_word' id='word_1_36' title='bbox 1520 960 1877 982; x_wconf 64' lang='lat' dir='ltr'><strong>OOOOOOOOOOOO</strong></span> 
     </span>
    </p>
   </div>
   <div class='ocr_carea' id='block_1_6' title="bbox 595 1054 2800 1317">
    <p class='ocr_par' dir='ltr' id='par_1_6' title="bbox 595 1054 2800 1317">
     <span class='ocr_line' id='line_1_7' title="bbox 597 1054 2797 1121; baseline -0.004 -12"><span class='ocrx_word' id='word_1_37' title='bbox 597 1060 768 1110; x_wconf 68' lang='lat' dir='ltr'><strong>vatic.</strong></span> <span class='ocrx_word' id='word_1_38' title='bbox 792 1058 1227 1119; x_wconf 69' lang='grc' dir='ltr'><strong>2964.ο1ῄεσεηιιιι.</strong></span> <span class='ocrx_word' id='word_1_39' title='bbox 1265 1059 1370 1109; x_wconf 85' lang='lat' dir='ltr'><strong>Ms.</strong></span> <span class='ocrx_word' id='word_1_40' title='bbox 1388 1060 1562 1108; x_wconf 74' lang='lat' dir='ltr'><strong>Vatic-</strong></span> <span class='ocrx_word' id='word_1_41' title='bbox 1582 1064 1732 1109; x_wconf 70' lang='lat'><strong>4498.</strong></span> <span class='ocrx_word' id='word_1_42' title='bbox 1755 1060 1936 1121; x_wconf 55' lang='lat' dir='ltr'><strong>obiecit.</strong></span> <span class='ocrx_word' id='word_1_43' title='bbox 1972 1059 2074 1107; x_wconf 77' lang='lat' dir='ltr'><strong>Ms-</strong></span> <span class='ocrx_word' id='word_1_44' title='bbox 2099 1058 2268 1106; x_wconf 84' lang='lat' dir='ltr'><strong>Vatic.</strong></span> <span class='ocrx_word' id='word_1_45' title='bbox 2293 1060 2437 1105; x_wconf 85' lang='grc'><strong>1518.</strong></span> <span class='ocrx_word' id='word_1_46' title='bbox 2459 1054 2797 1115; x_wconf 52' lang='lat' dir='ltr'><strong>officiium—8</strong></span> 
     </span>
     <span class='ocr_line' id='line_1_8' title="bbox 595 1120 2800 1193; baseline -0.002 -20"><span class='ocrx_word' id='word_1_47' title='bbox 595 1124 682 1174; x_wconf 91' lang='lat' dir='ltr'><strong>Sic</strong></span> <span class='ocrx_word' id='word_1_48' title='bbox 712 1126 842 1173; x_wconf 82' lang='lat' dir='ltr'><strong>bene</strong></span> <span class='ocrx_word' id='word_1_49' title='bbox 866 1125 1133 1172; x_wconf 80' lang='lat' dir='ltr'><strong>Ernestus.</strong></span> <span class='ocrx_word' id='word_1_50' title='bbox 1200 1122 1371 1173; x_wconf 75' lang='lat' dir='ltr'><strong>Antea</strong></span> <span class='ocrx_word' id='word_1_51' title='bbox 1395 1125 1448 1172; x_wconf 90' lang='lat' dir='ltr'><strong>in</strong></span> <span class='ocrx_word' id='word_1_52' title='bbox 1479 1125 1620 1173; x_wconf 85' lang='lat' dir='ltr'><strong>libris</strong></span> <span class='ocrx_word' id='word_1_53' title='bbox 1644 1126 1820 1185; x_wconf 80' lang='lat' dir='ltr'><strong>editis,</strong></span> <span class='ocrx_word' id='word_1_54' title='bbox 1849 1125 1918 1172; x_wconf 78' lang='lat' dir='ltr'><strong>M.</strong></span> <span class='ocrx_word' id='word_1_55' title='bbox 1942 1137 2118 1186; x_wconf 74' lang='lat' dir='ltr'><strong>qunque</strong></span> <span class='ocrx_word' id='word_1_56' title='bbox 2147 1123 2358 1177; x_wconf 67' lang='lat' dir='ltr'><strong>Manlio:</strong></span> <span class='ocrx_word' id='word_1_57' title='bbox 2391 1130 2444 1168; x_wconf 84' lang='lat' dir='ltr'><strong>et</strong></span> <span class='ocrx_word' id='word_1_58' title='bbox 2469 1120 2543 1168; x_wconf 79' lang='lat' dir='ltr'><strong>sic</strong></span> <span class='ocrx_word' id='word_1_59' title='bbox 2567 1120 2800 1193; x_wconf 66' lang='lat' dir='ltr'><strong>Gronovf.</strong></span> 
     </span>
     <span class='ocr_line' id='line_1_9' title="bbox 597 1183 2796 1252; baseline -0.005 -11"><span class='ocrx_word' id='word_1_60' title='bbox 597 1196 653 1242; x_wconf 77' lang='lat' dir='ltr'><strong>et</strong></span> <span class='ocrx_word' id='word_1_61' title='bbox 678 1189 843 1252; x_wconf 71' lang='lat' dir='ltr'><strong>Ryclt.</strong></span> <span class='ocrx_word' id='word_1_62' title='bbox 910 1186 1075 1235; x_wconf 87' lang='lat' dir='ltr'><strong>Immo</strong></span> <span class='ocrx_word' id='word_1_63' title='bbox 1100 1188 1149 1236; x_wconf 85' lang='lat' dir='ltr'><strong>in</strong></span> <span class='ocrx_word' id='word_1_64' title='bbox 1172 1188 1298 1237; x_wconf 73' lang='lat' dir='ltr'><strong>mss.</strong></span> <span class='ocrx_word' id='word_1_65' title='bbox 1320 1188 1493 1237; x_wconf 85' lang='lat' dir='ltr'><strong>Vatic.</strong></span> <span class='ocrx_word' id='word_1_66' title='bbox 1519 1194 1666 1238; x_wconf 76' lang='lat'>1862.</span> <span class='ocrx_word' id='word_1_67' title='bbox 1691 1198 1746 1238; x_wconf 90' lang='lat' dir='ltr'><strong>et</strong></span> <span class='ocrx_word' id='word_1_68' title='bbox 1783 1193 1928 1238; x_wconf 77' lang='lat'>2964.</span> <span class='ocrx_word' id='word_1_69' title='bbox 1969 1188 2134 1235; x_wconf 80' lang='lat' dir='ltr'><strong>Marco</strong></span> <span class='ocrx_word' id='word_1_70' title='bbox 2167 1200 2340 1249; x_wconf 78' lang='lat' dir='ltr'><strong>quoque</strong></span> <span class='ocrx_word' id='word_1_71' title='bbox 2377 1184 2577 1233; x_wconf 70' lang='lat' dir='ltr'><strong>Manlio.</strong></span> <span class='ocrx_word' id='word_1_72' title='bbox 2641 1183 2796 1232; x_wconf 76' lang='lat' dir='ltr'><strong>Cneii</strong></span> 
     </span>
     <span class='ocr_line' id='line_1_10' title="bbox 598 1248 2794 1317; baseline -0.003 -16"><span class='ocrx_word' id='word_1_73' title='bbox 598 1266 895 1317; x_wconf 80' lang='lat' dir='ltr'><strong>praenomen</strong></span> <span class='ocrx_word' id='word_1_74' title='bbox 928 1251 1122 1300; x_wconf 83' lang='lat' dir='ltr'><strong>babent</strong></span> <span class='ocrx_word' id='word_1_75' title='bbox 1161 1252 1369 1315; x_wconf 67' lang='lat' dir='ltr'><strong>optimae</strong></span> <span class='ocrx_word' id='word_1_76' title='bbox 1394 1254 1660 1302; x_wconf 79' lang='lat' dir='ltr'>Ciceronis</span> <span class='ocrx_word' id='word_1_77' title='bbox 1701 1262 1758 1303; x_wconf 85' lang='lat' dir='ltr'><strong>ct</strong></span> <span class='ocrx_word' id='word_1_78' title='bbox 1777 1252 1886 1302; x_wconf 86' lang='lat' dir='ltr'><strong>Titi</strong></span> <span class='ocrx_word' id='word_1_79' title='bbox 1925 1252 2055 1301; x_wconf 79' lang='lat' dir='ltr'><strong>Livii</strong></span> <span class='ocrx_word' id='word_1_80' title='bbox 2092 1250 2358 1301; x_wconf 73' lang='lat' dir='ltr'><strong>editiones.</strong></span> <span class='ocrx_word' id='word_1_81' title='bbox 2422 1248 2510 1299; x_wconf 86' lang='lat' dir='ltr'><strong>Sic</strong></span> <span class='ocrx_word' id='word_1_82' title='bbox 2549 1254 2608 1297; x_wconf 88' lang='lat' dir='ltr'><strong>et</strong></span> <span class='ocrx_word' id='word_1_83' title='bbox 2641 1256 2794 1297; x_wconf 82' lang='lat' dir='ltr'><strong>vetus</strong></span> 
     </span>
    </p>
   </div>
   <div class='ocr_carea' id='block_1_7' title="bbox 1589 1397 1799 1447">
    <p class='ocr_par' dir='ltr' id='par_1_7' title="bbox 1589 1397 1799 1447">
     <span class='ocr_line' id='line_1_11' title="bbox 1589 1397 1799 1447; baseline -0.005 0"><span class='ocrx_word' id='word_1_84' title='bbox 1589 1399 1634 1447; x_wconf 85' lang='lat' dir='ltr'>N</span> <span class='ocrx_word' id='word_1_85' title='bbox 1645 1397 1799 1447; x_wconf 77' lang='lat' dir='ltr'><strong>0¹1·AE</strong></span> 
     </span>
    </p>
   </div>
   <div class='ocr_carea' id='block_1_8' title="bbox 580 1509 1662 4306">
    <p class='ocr_par' dir='ltr' id='par_1_8' title="bbox 580 1509 1662 2092">
     <span class='ocr_line' id='line_1_12' title="bbox 596 1509 1660 1573; baseline -0.001 -13"><span class='ocrx_word' id='word_1_86' title='bbox 596 1510 778 1560; x_wconf 83' lang='lat' dir='ltr'><strong>tidium</strong></span> <span class='ocrx_word' id='word_1_87' title='bbox 815 1509 1025 1559; x_wconf 85' lang='lat' dir='ltr'><strong>fortuna</strong></span> <span class='ocrx_word' id='word_1_88' title='bbox 1050 1510 1207 1558; x_wconf 84' lang='lat' dir='ltr'><strong>voluit</strong></span> <span class='ocrx_word' id='word_1_89' title='bbox 1229 1509 1436 1573; x_wconf 79' lang='lat' dir='ltr'><strong>quidem</strong></span> <span class='ocrx_word' id='word_1_90' title='bbox 1477 1510 1660 1571; x_wconf 89' lang='lat' dir='ltr'><strong>solum,</strong></span> 
     </span>
     <span class='ocr_line' id='line_1_13' title="bbox 596 1583 1660 1647; baseline 0.001 -15"><span class='ocrx_word' id='word_1_91' title='bbox 596 1584 688 1633; x_wconf 84' lang='lat' dir='ltr'><strong>sed</strong></span> <span class='ocrx_word' id='word_1_92' title='bbox 730 1584 951 1633; x_wconf 80' lang='lat' dir='ltr'><strong>eundern</strong></span> <span class='ocrx_word' id='word_1_93' title='bbox 991 1585 1045 1632; x_wconf 86' lang='lat' dir='ltr'><strong>in</strong></span> <span class='ocrx_word' id='word_1_94' title='bbox 1102 1584 1358 1647; x_wconf 81' lang='lat' dir='ltr'><strong>triumpho</strong></span> <span class='ocrx_word' id='word_1_95' title='bbox 1399 1583 1660 1633; x_wconf 79' lang='lat' dir='ltr'><strong>Asculano</strong></span> 
     </span>
     <span class='ocr_line' id='line_1_14' title="bbox 597 1660 1659 1724; baseline 0.001 -15"><span class='ocrx_word' id='word_1_96' title='bbox 597 1661 692 1709; x_wconf 85' lang='lat' dir='ltr'><strong>Cu.</strong></span> <span class='ocrx_word' id='word_1_97' title='bbox 712 1660 948 1723; x_wconf 84' lang='lat' dir='ltr'><strong>Pompeii</strong></span> <span class='ocrx_word' id='word_1_98' title='bbox 965 1660 1233 1710; x_wconf 85' lang='lat' dir='ltr'><strong>Strabonis</strong></span> <span class='ocrx_word' id='word_1_99' title='bbox 1252 1660 1402 1709; x_wconf 80' lang='lat' dir='ltr'><strong>duxit</strong></span> <span class='ocrx_word' id='word_1_100' title='bbox 1424 1674 1659 1724; x_wconf 88' lang='lat' dir='ltr'><strong>puerum.</strong></span> 
     </span>
     <span class='ocr_line' id='line_1_15' title="bbox 596 1734 1662 1799; baseline 0.001 -14"><span class='ocrx_word' id='word_1_101' title='bbox 596 1734 901 1799; x_wconf 78' lang='lat' dir='ltr'><strong>Quanquam</strong></span> <span class='ocrx_word' id='word_1_102' title='bbox 921 1736 1205 1785; x_wconf 72' lang='lat' dir='ltr'>Massurius</span> <span class='ocrx_word' id='word_1_103' title='bbox 1240 1744 1425 1785; x_wconf 84' lang='lat' dir='ltr'><strong>auctor</strong></span> <span class='ocrx_word' id='word_1_104' title='bbox 1444 1745 1545 1799; x_wconf 90' lang='lat' dir='ltr'><strong>est,</strong></span> <span class='ocrx_word' id='word_1_105' title='bbox 1584 1736 1662 1786; x_wconf 89' lang='lat' dir='ltr'><strong>bis</strong></span> 
     </span>
     <span class='ocr_line' id='line_1_16' title="bbox 594 1811 1662 1875; baseline 0.004 -16"><span class='ocrx_word' id='word_1_106' title='bbox 594 1811 649 1860; x_wconf 84' lang='lat' dir='ltr'><strong>in</strong></span> <span class='ocrx_word' id='word_1_107' title='bbox 672 1812 931 1875; x_wconf 65' lang='lat' dir='ltr'><strong>triumpho</strong></span> <span class='ocrx_word' id='word_1_108' title='bbox 954 1812 1187 1862; x_wconf 87' lang='lat' dir='ltr'><strong>ductum.</strong></span> <span class='ocrx_word' id='word_1_109' title='bbox 1254 1814 1443 1863; x_wconf 87' lang='lat' dir='ltr'><strong>Cicero</strong></span> <span class='ocrx_word' id='word_1_110' title='bbox 1484 1814 1662 1863; x_wconf 68' lang='lat' dir='ltr'><strong>millio·</strong></span> 
     </span>
     <span class='ocr_line' id='line_1_17' title="bbox 580 1887 1661 1954; baseline 0.006 -20"><span class='ocrx_word' id='word_1_111' title='bbox 580 1900 712 1949; x_wconf 59' lang='lat' dir='ltr'><strong>pem</strong></span> <span class='ocrx_word' id='word_1_112' title='bbox 747 1896 1061 1937; x_wconf 76' lang='lat' dir='ltr'><strong>castrensem</strong></span> <span class='ocrx_word' id='word_1_113' title='bbox 1098 1887 1439 1939; x_wconf 77' lang='lat' dir='ltr'><strong>sirffaraneum</strong></span> <span class='ocrx_word' id='word_1_114' title='bbox 1482 1889 1661 1954; x_wconf 90' lang='lat' dir='ltr'><strong>fuisse,</strong></span> 
     </span>
     <span class='ocr_line' id='line_1_18' title="bbox 595 1966 1659 2033; baseline 0.004 -20"><span class='ocrx_word' id='word_1_115' title='bbox 595 1966 820 2028; x_wconf 84' lang='lat' dir='ltr'><strong>plurimi,</strong></span> <span class='ocrx_word' id='word_1_116' title='bbox 852 1966 1121 2028; x_wconf 81' lang='lat' dir='ltr'><strong>juventam</strong></span> <span class='ocrx_word' id='word_1_117' title='bbox 1160 1968 1365 2031; x_wconf 71' lang='lat' dir='ltr'><strong>inopem</strong></span> <span class='ocrx_word' id='word_1_118' title='bbox 1404 1968 1454 2018; x_wconf 87' lang='lat' dir='ltr'><strong>in</strong></span> <span class='ocrx_word' id='word_1_119' title='bbox 1489 1969 1659 2033; x_wconf 76' lang='lat' dir='ltr'><strong>caliga</strong></span> 
     </span>
     <span class='ocr_line' id='line_1_19' title="bbox 596 2042 1119 2092; baseline 0.006 -3"><span class='ocrx_word' id='word_1_120' title='bbox 596 2042 808 2091; x_wconf 88' lang='lat' dir='ltr'><strong>militari</strong></span> <span class='ocrx_word' id='word_1_121' title='bbox 835 2042 1119 2092; x_wconf 63' lang='lat' dir='ltr'><strong>tolerasse!</strong></span> 
     </span>
    </p>

    <p class='ocr_par' dir='ltr' id='par_1_9' title="bbox 580 2116 1662 4306">
     <span class='ocr_line' id='line_1_20' title="bbox 610 2116 1655 2183; baseline 0.003 -17"><span class='ocrx_word' id='word_1_122' title='bbox 610 2126 618 2135; x_wconf 91' lang='lat'><strong>·</strong></span> <span class='ocrx_word' id='word_1_123' title='bbox 666 2116 960 2181; x_wconf 74' lang='lat' dir='ltr'><strong>Ventidium]</strong></span> <span class='ocrx_word' id='word_1_124' title='bbox 994 2121 1079 2168; x_wconf 90' lang='lat' dir='ltr'><strong>De</strong></span> <span class='ocrx_word' id='word_1_125' title='bbox 1116 2133 1217 2183; x_wconf 85' lang='lat' dir='ltr'><strong>quo</strong></span> <span class='ocrx_word' id='word_1_126' title='bbox 1256 2120 1459 2169; x_wconf 87' lang='lat' dir='ltr'><strong>Gellius</strong></span> <span class='ocrx_word' id='word_1_127' title='bbox 1500 2123 1535 2170; x_wconf 92' lang='lat' dir='ltr'><strong>l.</strong></span> <span class='ocrx_word' id='word_1_128' title='bbox 1558 2135 1655 2171; x_wconf 84' lang='lat' dir='ltr'><strong>xv.</strong></span> 
     </span>
     <span class='ocr_line' id='line_1_21' title="bbox 594 2194 1658 2259; baseline 0.003 -16"><span class='ocrx_word' id='word_1_129' title='bbox 594 2198 643 2243; x_wconf 76' lang='grc'><strong>4.</strong></span> <span class='ocrx_word' id='word_1_130' title='bbox 678 2196 693 2221; x_wconf 88' lang='lat'>‘</span> <span class='ocrx_word' id='word_1_131' title='bbox 720 2194 851 2242; x_wconf 90' lang='lat' dir='ltr'><strong>Eum</strong></span> <span class='ocrx_word' id='word_1_132' title='bbox 876 2194 1151 2244; x_wconf 81' lang='lat' dir='ltr'>Picentem</span> <span class='ocrx_word' id='word_1_133' title='bbox 1176 2194 1355 2255; x_wconf 83' lang='lat' dir='ltr'><strong>fuisse,</strong></span> <span class='ocrx_word' id='word_1_134' title='bbox 1388 2211 1579 2259; x_wconf 80' lang='lat' dir='ltr'><strong>genere</strong></span> <span class='ocrx_word' id='word_1_135' title='bbox 1604 2204 1658 2247; x_wconf 87' lang='lat' dir='ltr'><strong>et</strong></span> 
     </span>
     <span class='ocr_line' id='line_1_22' title="bbox 593 2269 1658 2334; baseline 0.005 -17"><span class='ocrx_word' id='word_1_136' title='bbox 593 2270 710 2318; x_wconf 90' lang='lat' dir='ltr'><strong>loco</strong></span> <span class='ocrx_word' id='word_1_137' title='bbox 732 2269 938 2317; x_wconf 82' lang='lat' dir='ltr'><strong>humili:</strong></span> <span class='ocrx_word' id='word_1_138' title='bbox 977 2278 1032 2318; x_wconf 87' lang='lat' dir='ltr'><strong>et</strong></span> <span class='ocrx_word' id='word_1_139' title='bbox 1066 2276 1284 2319; x_wconf 88' lang='lat' dir='ltr'><strong>matrem</strong></span> <span class='ocrx_word' id='word_1_140' title='bbox 1320 2272 1429 2334; x_wconf 81' lang='lat' dir='ltr'><strong>ejus</strong></span> <span class='ocrx_word' id='word_1_141' title='bbox 1450 2287 1479 2320; x_wconf 89' lang='lat' dir='ltr'><strong>a</strong></span> <span class='ocrx_word' id='word_1_142' title='bbox 1504 2273 1658 2322; x_wconf 89' lang='lat' dir='ltr'><strong>Pom-</strong></span> 
     </span>
     <span class='ocr_line' id='line_1_23' title="bbox 594 2343 1658 2411; baseline 0.004 -18"><span class='ocrx_word' id='word_1_143' title='bbox 594 2344 713 2408; x_wconf 88' lang='lat' dir='ltr'><strong>peio</strong></span> <span class='ocrx_word' id='word_1_144' title='bbox 735 2343 1005 2405; x_wconf 81' lang='lat' dir='ltr'><strong>Strabone,</strong></span> <span class='ocrx_word' id='word_1_145' title='bbox 1023 2346 1260 2409; x_wconf 86' lang='lat' dir='ltr'><strong>Pompeii</strong></span> <span class='ocrx_word' id='word_1_146' title='bbox 1288 2346 1463 2411; x_wconf 82' lang='lat' dir='ltr'><strong>Magni</strong></span> <span class='ocrx_word' id='word_1_147' title='bbox 1490 2354 1658 2411; x_wconf 87' lang='lat' dir='ltr'><strong>patre,</strong></span> 
     </span>
     <span class='ocr_line' id='line_1_24' title="bbox 598 2418 1658 2486; baseline 0.004 -18"><span class='ocrx_word' id='word_1_148' title='bbox 598 2420 735 2469; x_wconf 88' lang='lat' dir='ltr'><strong>bello</strong></span> <span class='ocrx_word' id='word_1_149' title='bbox 774 2418 969 2481; x_wconf 88' lang='lat' dir='ltr'><strong>sociali,</strong></span> <span class='ocrx_word' id='word_1_150' title='bbox 996 2436 1099 2483; x_wconf 90' lang='lat' dir='ltr'><strong>qno</strong></span> <span class='ocrx_word' id='word_1_151' title='bbox 1126 2420 1413 2471; x_wconf 84' lang='lat' dir='ltr'><strong>Asculanos</strong></span> <span class='ocrx_word' id='word_1_152' title='bbox 1434 2422 1658 2486; x_wconf 80' lang='lat' dir='ltr'><strong>subegit,</strong></span> 
     </span>
     <span class='ocr_line' id='line_1_25' title="bbox 595 2494 1658 2559; baseline 0.003 -15"><span class='ocrx_word' id='word_1_153' title='bbox 595 2501 803 2559; x_wconf 85' lang='lat' dir='ltr'><strong>captam</strong></span> <span class='ocrx_word' id='word_1_154' title='bbox 824 2508 940 2543; x_wconf 86' lang='lat' dir='ltr'><strong>cnm</strong></span> <span class='ocrx_word' id='word_1_155' title='bbox 973 2494 1093 2557; x_wconf 70' lang='lat' dir='ltr'><strong>ipso</strong></span> <span class='ocrx_word' id='word_1_156' title='bbox 1125 2510 1255 2545; x_wconf 80' lang='lat' dir='ltr'><strong>esse.</strong></span> <span class='ocrx_word' id='word_1_157' title='bbox 1316 2499 1439 2547; x_wconf 86' lang='lat' dir='ltr'><strong>Mox</strong></span> <span class='ocrx_word' id='word_1_158' title='bbox 1480 2499 1658 2547; x_wconf 87' lang='lat' dir='ltr'><strong>trium-</strong></span> 
     </span>
     <span class='ocr_line' id='line_1_26' title="bbox 595 2570 1660 2638; baseline 0.005 -21"><span class='ocrx_word' id='word_1_159' title='bbox 595 2571 787 2632; x_wconf 83' lang='lat' dir='ltr'><strong>phante</strong></span> <span class='ocrx_word' id='word_1_160' title='bbox 810 2570 1060 2632; x_wconf 76' lang='lat' dir='ltr'><strong>Pompeio</strong></span> <span class='ocrx_word' id='word_1_161' title='bbox 1094 2572 1349 2621; x_wconf 75' lang='lat' dir='ltr'><strong>Strabone</strong></span> <span class='ocrx_word' id='word_1_162' title='bbox 1385 2586 1501 2621; x_wconf 80' lang='lat' dir='ltr'><strong>eum</strong></span> <span class='ocrx_word' id='word_1_163' title='bbox 1534 2590 1660 2638; x_wconf 89' lang='lat' dir='ltr'><strong>quo-</strong></span> 
     </span>
     <span class='ocr_line' id='line_1_27' title="bbox 593 2647 1659 2709; baseline 0.006 -17"><span class='ocrx_word' id='word_1_164' title='bbox 593 2658 694 2709; x_wconf 85' lang='lat' dir='ltr'><strong>que</strong></span> <span class='ocrx_word' id='word_1_165' title='bbox 734 2660 945 2707; x_wconf 80' lang='lat' dir='ltr'><strong>puerum</strong></span> <span class='ocrx_word' id='word_1_166' title='bbox 984 2647 1119 2695; x_wconf 87' lang='lat' dir='ltr'><strong>inter</strong></span> <span class='ocrx_word' id='word_1_167' title='bbox 1153 2654 1357 2697; x_wconf 88' lang='lat' dir='ltr'><strong>ceteros</strong></span> <span class='ocrx_word' id='word_1_168' title='bbox 1393 2660 1514 2697; x_wconf 78' lang='lat' dir='ltr'><strong>ante</strong></span> <span class='ocrx_word' id='word_1_169' title='bbox 1544 2663 1659 2699; x_wconf 91' lang='lat' dir='ltr'><strong>cur-</strong></span> 
     </span>
     <span class='ocr_line' id='line_1_28' title="bbox 596 2722 1661 2785; baseline 0.006 -16"><span class='ocrx_word' id='word_1_170' title='bbox 596 2735 708 2770; x_wconf 89' lang='lat' dir='ltr'><strong>rum</strong></span> <span class='ocrx_word' id='word_1_171' title='bbox 742 2722 1071 2785; x_wconf 84' lang='lat' dir='ltr'><strong>imperatoris</strong></span> <span class='ocrx_word' id='word_1_172' title='bbox 1106 2723 1219 2771; x_wconf 89' lang='lat' dir='ltr'><strong>sinu</strong></span> <span class='ocrx_word' id='word_1_173' title='bbox 1256 2725 1432 2773; x_wconf 85' lang='lat' dir='ltr'><strong>matris</strong></span> <span class='ocrx_word' id='word_1_174' title='bbox 1454 2732 1661 2775; x_wconf 80' lang='lat' dir='ltr'><strong>vectum</strong></span> 
     </span>
     <span class='ocr_line' id='line_1_29' title="bbox 594 2798 1660 2862; baseline 0.005 -16"><span class='ocrx_word' id='word_1_175' title='bbox 594 2808 728 2848; x_wconf 78' lang='lat' dir='ltr'><strong>esse.</strong></span> <span class='ocrx_word' id='word_1_176' title='bbox 776 2798 927 2858; x_wconf 86' lang='lat' dir='ltr'><strong>Post,</strong></span> <span class='ocrx_word' id='word_1_177' title='bbox 954 2812 1070 2847; x_wconf 74' lang='lat' dir='ltr'><strong>eum</strong></span> <span class='ocrx_word' id='word_1_178' title='bbox 1109 2798 1444 2862; x_wconf 81' lang='lat' dir='ltr'><strong>adolevisset,</strong></span> <span class='ocrx_word' id='word_1_179' title='bbox 1462 2802 1660 2851; x_wconf 80' lang='lat' dir='ltr'><strong>¹victum</strong></span> 
     </span>
     <span class='ocr_line' id='line_1_30' title="bbox 595 2876 1660 2943; baseline 0.005 -19"><span class='ocrx_word' id='word_1_180' title='bbox 595 2876 693 2924; x_wconf 83' lang='lat' dir='ltr'><strong>sibi</strong></span> <span class='ocrx_word' id='word_1_181' title='bbox 726 2890 863 2939; x_wconf 59' lang='lat' dir='ltr'><strong>aegre</strong></span> <span class='ocrx_word' id='word_1_182' title='bbox 897 2878 1161 2941; x_wconf 69' lang='lat' dir='ltr'><strong>quaesisse,</strong></span> <span class='ocrx_word' id='word_1_183' title='bbox 1194 2892 1416 2943; x_wconf 86' lang='lat' dir='ltr'><strong>eumque</strong></span> <span class='ocrx_word' id='word_1_184' title='bbox 1452 2880 1660 2929; x_wconf 87' lang='lat' dir='ltr'><strong>sordide</strong></span> 
     </span>
     <span class='ocr_line' id='line_1_31' title="bbox 594 2952 1662 3016; baseline 0.004 -15"><span class='ocrx_word' id='word_1_185' title='bbox 594 2952 867 3014; x_wconf 75' lang='lat' dir='ltr'><strong>invenisse,</strong></span> <span class='ocrx_word' id='word_1_186' title='bbox 890 2953 1248 3016; x_wconf 75' lang='lat' dir='ltr'><strong>comparandis</strong></span> <span class='ocrx_word' id='word_1_187' title='bbox 1272 2954 1419 3002; x_wconf 87' lang='lat' dir='ltr'><strong>mulis</strong></span> <span class='ocrx_word' id='word_1_188' title='bbox 1442 2962 1497 3003; x_wconf 93' lang='lat' dir='ltr'><strong>et</strong></span> <span class='ocrx_word' id='word_1_189' title='bbox 1520 2956 1662 3005; x_wconf 80' lang='lat' dir='ltr'><strong>velii-</strong></span> 
     </span>
     <span class='ocr_line' id='line_1_32' title="bbox 593 3029 1661 3095; baseline 0 -16"><span class='ocrx_word' id='word_1_190' title='bbox 593 3029 741 3089; x_wconf 87' lang='lat' dir='ltr'><strong>culis,</strong></span> <span class='ocrx_word' id='word_1_191' title='bbox 761 3044 878 3095; x_wconf 78' lang='lat' dir='ltr'><strong>quae</strong></span> <span class='ocrx_word' id='word_1_192' title='bbox 912 3030 1319 3093; x_wconf 76' lang='lat' dir='ltr'><strong>magistratibus,</strong></span> <span class='ocrx_word' id='word_1_193' title='bbox 1364 3030 1453 3094; x_wconf 90' lang='lat' dir='ltr'><strong>qui</strong></span> <span class='ocrx_word' id='word_1_194' title='bbox 1487 3032 1661 3081; x_wconf 73' lang='lat' dir='ltr'><strong>sortiti</strong></span> 
     </span>
     <span class='ocr_line' id='line_1_33' title="bbox 595 3105 1658 3170; baseline 0.002 -16"><span class='ocrx_word' id='word_1_195' title='bbox 595 3107 887 3169; x_wconf 83' lang='lat' dir='ltr'><strong>provincias</strong></span> <span class='ocrx_word' id='word_1_196' title='bbox 904 3105 1096 3167; x_wconf 90' lang='lat' dir='ltr'><strong>forent,</strong></span> <span class='ocrx_word' id='word_1_197' title='bbox 1136 3106 1420 3170; x_wconf 68' lang='lat' dir='ltr'><strong>praebenda</strong></span> <span class='ocrx_word' id='word_1_198' title='bbox 1455 3108 1658 3169; x_wconf 86' lang='lat' dir='ltr'><strong>publice</strong></span> 
     </span>
     <span class='ocr_line' id='line_1_34' title="bbox 590 3172 1658 3245; baseline 0.003 -14"><span class='ocrx_word' id='word_1_199' title='bbox 590 3172 943 3231; x_wconf 79' lang='lat' dir='ltr'><strong>conduxisset.</strong></span> <span class='ocrx_word' id='word_1_200' title='bbox 1006 3183 1069 3231; x_wconf 83' lang='lat' dir='ltr'><strong>In</strong></span> <span class='ocrx_word' id='word_1_201' title='bbox 1108 3184 1205 3231; x_wconf 70' lang='lat' dir='ltr'><strong>isto</strong></span> <span class='ocrx_word' id='word_1_202' title='bbox 1238 3190 1439 3245; x_wconf 77' lang='lat' dir='ltr'><strong>quaestu</strong></span> <span class='ocrx_word' id='word_1_203' title='bbox 1480 3192 1658 3234; x_wconf 87' lang='lat' dir='ltr'><strong>notum</strong></span> 
     </span>
     <span class='ocr_line' id='line_1_35' title="bbox 592 3258 1660 3318; baseline 0.003 -13"><span class='ocrx_word' id='word_1_204' title='bbox 592 3270 708 3305; x_wconf 84' lang='lat' dir='ltr'><strong>esse</strong></span> <span class='ocrx_word' id='word_1_205' title='bbox 753 3258 977 3318; x_wconf 79' lang='lat' dir='ltr'><strong>coepisse</strong></span> <span class='ocrx_word' id='word_1_206' title='bbox 1014 3258 1072 3306; x_wconf 71' lang='grc' dir='ltr'><strong>(ἶ.</strong></span> <span class='ocrx_word' id='word_1_207' title='bbox 1097 3258 1308 3313; x_wconf 68' lang='lat' dir='ltr'><strong>Car-sari,</strong></span> <span class='ocrx_word' id='word_1_208' title='bbox 1351 3264 1406 3305; x_wconf 90' lang='lat' dir='ltr'><strong>et</strong></span> <span class='ocrx_word' id='word_1_209' title='bbox 1446 3272 1563 3307; x_wconf 90' lang='lat' dir='ltr'><strong>cum</strong></span> <span class='ocrx_word' id='word_1_210' title='bbox 1598 3274 1660 3308; x_wconf 89' lang='lat' dir='ltr'><strong>eo</strong></span> 
     </span>
     <span class='ocr_line' id='line_1_36' title="bbox 592 3328 1660 3397; baseline 0.005 -19"><span class='ocrx_word' id='word_1_211' title='bbox 592 3328 880 3394; x_wconf 76' lang='lat' dir='ltr'><strong>profectum</strong></span> <span class='ocrx_word' id='word_1_212' title='bbox 902 3344 1014 3378; x_wconf 87' lang='lat' dir='ltr'><strong>esse</strong></span> <span class='ocrx_word' id='word_1_213' title='bbox 1040 3331 1091 3378; x_wconf 89' lang='lat' dir='ltr'><strong>in</strong></span> <span class='ocrx_word' id='word_1_214' title='bbox 1118 3330 1331 3379; x_wconf 83' lang='lat' dir='ltr'><strong>Gallias.</strong></span> <span class='ocrx_word' id='word_1_215' title='bbox 1388 3332 1518 3381; x_wconf 79' lang='lat' dir='ltr'><strong>Tum</strong></span> <span class='ocrx_word' id='word_1_216' title='bbox 1539 3334 1660 3397; x_wconf 86' lang='lat' dir='ltr'><strong>qnia</strong></span> 
     </span>
     <span class='ocr_line' id='line_1_37' title="bbox 594 3406 1659 3470; baseline 0.006 -16"><span class='ocrx_word' id='word_1_217' title='bbox 594 3406 645 3455; x_wconf 88' lang='lat' dir='ltr'><strong>in</strong></span> <span class='ocrx_word' id='word_1_218' title='bbox 670 3420 733 3456; x_wconf 80' lang='lat' dir='ltr'><strong>ea</strong></span> <span class='ocrx_word' id='word_1_219' title='bbox 754 3406 1020 3470; x_wconf 82' lang='lat' dir='ltr'><strong>provincia</strong></span> <span class='ocrx_word' id='word_1_220' title='bbox 1044 3406 1168 3455; x_wconf 88' lang='lat' dir='ltr'><strong>satis</strong></span> <span class='ocrx_word' id='word_1_221' title='bbox 1204 3407 1407 3455; x_wconf 80' lang='lat' dir='ltr'><strong>naviter</strong></span> <span class='ocrx_word' id='word_1_222' title='bbox 1426 3418 1659 3460; x_wconf 84' lang='lat' dir='ltr'><strong>versatus</strong></span> 
     </span>
     <span class='ocr_line' id='line_1_38' title="bbox 592 3481 1660 3545; baseline 0.004 -15"><span class='ocrx_word' id='word_1_223' title='bbox 592 3488 750 3543; x_wconf 80' lang='lat' dir='ltr'><strong>esset,</strong></span> <span class='ocrx_word' id='word_1_224' title='bbox 770 3488 827 3531; x_wconf 84' lang='lat' dir='ltr'><strong>et</strong></span> <span class='ocrx_word' id='word_1_225' title='bbox 848 3481 1097 3545; x_wconf 78' lang='lat' dir='ltr'><strong>deinceps</strong></span> <span class='ocrx_word' id='word_1_226' title='bbox 1126 3482 1267 3531; x_wconf 83' lang='lat' dir='ltr'><strong>civili</strong></span> <span class='ocrx_word' id='word_1_227' title='bbox 1294 3482 1429 3531; x_wconf 87' lang='lat' dir='ltr'><strong>bello</strong></span> <span class='ocrx_word' id='word_1_228' title='bbox 1454 3486 1660 3535; x_wconf 71' lang='lat' dir='ltr'><strong>inunda-</strong></span> 
     </span>
     <span class='ocr_line' id='line_1_39' title="bbox 592 3556 1656 3621; baseline 0.004 -14"><span class='ocrx_word' id='word_1_229' title='bbox 592 3564 649 3608; x_wconf 82' lang='lat' dir='ltr'><strong>ta</strong></span> <span class='ocrx_word' id='word_1_230' title='bbox 684 3556 784 3606; x_wconf 88' lang='lat' dir='ltr'><strong>sibi</strong></span> <span class='ocrx_word' id='word_1_231' title='bbox 826 3558 1071 3621; x_wconf 82' lang='lat' dir='ltr'><strong>pleraque</strong></span> <span class='ocrx_word' id='word_1_232' title='bbox 1110 3558 1325 3621; x_wconf 81' lang='lat' dir='ltr'>impigre</span> <span class='ocrx_word' id='word_1_233' title='bbox 1349 3565 1406 3608; x_wconf 87' lang='lat' dir='ltr'><strong>et</strong></span> <span class='ocrx_word' id='word_1_234' title='bbox 1444 3566 1656 3611; x_wconf 87' lang='lat' dir='ltr'><strong>strenue</strong></span> 
     </span>
     <span class='ocr_line' id='line_1_40' title="bbox 592 3632 1657 3695; baseline 0.007 -14"><span class='ocrx_word' id='word_1_235' title='bbox 592 3632 818 3695; x_wconf 72' lang='lat' dir='ltr'><strong>sccisset,</strong></span> <span class='ocrx_word' id='word_1_236' title='bbox 844 3648 945 3682; x_wconf 88' lang='lat' dir='ltr'><strong>non</strong></span> <span class='ocrx_word' id='word_1_237' title='bbox 980 3633 1131 3682; x_wconf 81' lang='lat' dir='ltr'><strong>modo</strong></span> <span class='ocrx_word' id='word_1_238' title='bbox 1158 3635 1209 3682; x_wconf 89' lang='lat' dir='ltr'><strong>in</strong></span> <span class='ocrx_word' id='word_1_239' title='bbox 1246 3636 1521 3686; x_wconf 80' lang='lat' dir='ltr'><strong>amicitiam</strong></span> <span class='ocrx_word' id='word_1_240' title='bbox 1545 3640 1657 3688; x_wconf 75' lang='lat' dir='ltr'><strong>Cae-</strong></span> 
     </span>
     <span class='ocr_line' id='line_1_41' title="bbox 592 3708 1656 3779; baseline 0.006 -21"><span class='ocrx_word' id='word_1_241' title='bbox 592 3708 742 3768; x_wconf 76' lang='lat' dir='ltr'><strong>suris,</strong></span> <span class='ocrx_word' id='word_1_242' title='bbox 765 3710 856 3758; x_wconf 88' lang='lat' dir='ltr'><strong>sed</strong></span> <span class='ocrx_word' id='word_1_243' title='bbox 879 3724 942 3757; x_wconf 84' lang='lat' dir='ltr'><strong>ex</strong></span> <span class='ocrx_word' id='word_1_244' title='bbox 967 3724 1031 3759; x_wconf 80' lang='lat' dir='ltr'><strong>ea</strong></span> <span class='ocrx_word' id='word_1_245' title='bbox 1062 3711 1115 3758; x_wconf 87' lang='lat' dir='ltr'><strong>in</strong></span> <span class='ocrx_word' id='word_1_246' title='bbox 1148 3711 1511 3774; x_wconf 83' lang='lat' dir='ltr'><strong>amplissimum</strong></span> <span class='ocrx_word' id='word_1_247' title='bbox 1534 3730 1656 3779; x_wconf 86' lang='lat' dir='ltr'><strong>qno·</strong></span> 
     </span>
     <span class='ocr_line' id='line_1_42' title="bbox 590 3783 1656 3849; baseline 0.008 -18"><span class='ocrx_word' id='word_1_248' title='bbox 590 3798 691 3849; x_wconf 85' lang='lat' dir='ltr'><strong>que</strong></span> <span class='ocrx_word' id='word_1_249' title='bbox 716 3783 947 3833; x_wconf 80' lang='lat' dir='ltr'><strong>ordinem</strong></span> <span class='ocrx_word' id='word_1_250' title='bbox 973 3786 1286 3849; x_wconf 82' lang='lat' dir='ltr'><strong>pervenisse.</strong></span> <span class='ocrx_word' id='word_1_251' title='bbox 1346 3788 1471 3837; x_wconf 85' lang='lat' dir='ltr'><strong>Mox</strong></span> <span class='ocrx_word' id='word_1_252' title='bbox 1494 3790 1656 3839; x_wconf 85' lang='lat' dir='ltr'><strong>tribn-</strong></span> 
     </span>
     <span class='ocr_line' id='line_1_43' title="bbox 592 3862 1655 3929; baseline 0.006 -20"><span class='ocrx_word' id='word_1_253' title='bbox 592 3876 711 3910; x_wconf 87' lang='lat' dir='ltr'><strong>uum</strong></span> <span class='ocrx_word' id='word_1_254' title='bbox 736 3876 939 3926; x_wconf 88' lang='lat' dir='ltr'><strong>qnoque</strong></span> <span class='ocrx_word' id='word_1_255' title='bbox 964 3862 1147 3926; x_wconf 84' lang='lat' dir='ltr'><strong>plebis,</strong></span> <span class='ocrx_word' id='word_1_256' title='bbox 1169 3877 1230 3912; x_wconf 86' lang='lat' dir='ltr'><strong>ac</strong></span> <span class='ocrx_word' id='word_1_257' title='bbox 1252 3862 1441 3914; x_wconf 85' lang='lat' dir='ltr'><strong>deiude</strong></span> <span class='ocrx_word' id='word_1_258' title='bbox 1465 3874 1655 3929; x_wconf 81' lang='lat' dir='ltr'><strong>praeto·</strong></span> 
     </span>
     <span class='ocr_line' id='line_1_44' title="bbox 591 3940 1654 4005; baseline 0.007 -21"><span class='ocrx_word' id='word_1_259' title='bbox 591 3950 698 3985; x_wconf 81' lang='lat' dir='ltr'><strong>rem</strong></span> <span class='ocrx_word' id='word_1_260' title='bbox 735 3944 996 3986; x_wconf 78' lang='lat' dir='ltr'><strong>creatum:</strong></span> <span class='ocrx_word' id='word_1_261' title='bbox 1031 3946 1187 4002; x_wconf 82' lang='lat' dir='ltr'><strong>atque</strong></span> <span class='ocrx_word' id='word_1_262' title='bbox 1226 3940 1275 3988; x_wconf 89' lang='lat' dir='ltr'><strong>iu</strong></span> <span class='ocrx_word' id='word_1_263' title='bbox 1312 3954 1375 3990; x_wconf 86' lang='lat' dir='ltr'><strong>eo</strong></span> <span class='ocrx_word' id='word_1_264' title='bbox 1420 3948 1654 4005; x_wconf 86' lang='lat' dir='ltr'><strong>tempore</strong></span> 
     </span>
     <span class='ocr_line' id='line_1_45' title="bbox 580 4011 1654 4077; baseline 0.004 -17"><span class='ocrx_word' id='word_1_265' title='bbox 580 4011 875 4077; x_wconf 83' lang='lat' dir='ltr'><strong>judicatum</strong></span> <span class='ocrx_word' id='word_1_266' title='bbox 898 4027 1010 4063; x_wconf 86' lang='lat' dir='ltr'><strong>esse</strong></span> <span class='ocrx_word' id='word_1_267' title='bbox 1032 4028 1063 4062; x_wconf 81' lang='lat' dir='ltr'><strong>a</strong></span> <span class='ocrx_word' id='word_1_268' title='bbox 1090 4022 1271 4065; x_wconf 86' lang='lat' dir='ltr'><strong>senatu</strong></span> <span class='ocrx_word' id='word_1_269' title='bbox 1312 4016 1513 4066; x_wconf 81' lang='lat' dir='ltr'><strong>hostem</strong></span> <span class='ocrx_word' id='word_1_270' title='bbox 1536 4032 1654 4065; x_wconf 84' lang='lat' dir='ltr'><strong>cnm</strong></span> 
     </span>
     <span class='ocr_line' id='line_1_46' title="bbox 592 4086 1654 4153; baseline 0.003 -17"><span class='ocrx_word' id='word_1_271' title='bbox 592 4087 670 4136; x_wconf 88' lang='grc' dir='ltr'><strong>Μ.</strong></span> <span class='ocrx_word' id='word_1_272' title='bbox 706 4086 953 4139; x_wconf 83' lang='lat' dir='ltr'><strong>Antonio.</strong></span> <span class='ocrx_word' id='word_1_273' title='bbox 1026 4088 1158 4139; x_wconf 87' lang='lat' dir='ltr'><strong>Post</strong></span> <span class='ocrx_word' id='word_1_274' title='bbox 1196 4104 1319 4139; x_wconf 82' lang='lat' dir='ltr'><strong>vero</strong></span> <span class='ocrx_word' id='word_1_275' title='bbox 1362 4092 1654 4153; x_wconf 81' lang='lat' dir='ltr'><strong>conjunctis</strong></span> 
     </span>
     <span class='ocr_line' id='line_1_47' title="bbox 592 4164 1656 4229; baseline -0.003 -15"><span class='ocrx_word' id='word_1_276' title='bbox 592 4164 848 4229; x_wconf 77' lang='lat' dir='ltr'><strong>partibus,</strong></span> <span class='ocrx_word' id='word_1_277' title='bbox 882 4179 985 4213; x_wconf 87' lang='lat' dir='ltr'><strong>non</strong></span> <span class='ocrx_word' id='word_1_278' title='bbox 1026 4165 1297 4228; x_wconf 77' lang='lat' dir='ltr'><strong>pristinam</strong></span> <span class='ocrx_word' id='word_1_279' title='bbox 1326 4170 1524 4213; x_wconf 84' lang='lat' dir='ltr'><strong>tantum</strong></span> <span class='ocrx_word' id='word_1_280' title='bbox 1546 4164 1656 4228; x_wconf 74' lang='lat' dir='ltr'><strong>dig-</strong></span> 
     </span>
     <span class='ocr_line' id='line_1_48' title="bbox 592 4238 1654 4306; baseline -0.001 -15"><span class='ocrx_word' id='word_1_281' title='bbox 592 4240 809 4292; x_wconf 71' lang='lat' dir='ltr'><strong>nitatem</strong></span> <span class='ocrx_word' id='word_1_282' title='bbox 850 4254 1206 4306; x_wconf 76' lang='lat' dir='ltr'><strong>recuperasse,</strong></span> <span class='ocrx_word' id='word_1_283' title='bbox 1253 4239 1345 4290; x_wconf 80' lang='lat' dir='ltr'><strong>sed</strong></span> <span class='ocrx_word' id='word_1_284' title='bbox 1384 4238 1654 4304; x_wconf 77' lang='lat' dir='ltr'><strong>pontifica-</strong></span> 
     </span>
    </p>
   </div>
   <div class='ocr_carea' id='block_1_9' title="bbox 1733 1506 2808 4309">
    <p class='ocr_par' dir='ltr' id='par_1_10' title="bbox 1737 1506 2806 2788">
     <span class='ocr_line' id='line_1_49' title="bbox 1741 1506 2800 1571; baseline -0.006 -12"><span class='ocrx_word' id='word_1_285' title='bbox 1741 1516 1868 1571; x_wconf 89' lang='lat' dir='ltr'><strong>tum,</strong></span> <span class='ocrx_word' id='word_1_286' title='bbox 1903 1524 1962 1559; x_wconf 79' lang='lat' dir='ltr'><strong>ac</strong></span> <span class='ocrx_word' id='word_1_287' title='bbox 2003 1506 2195 1557; x_wconf 76' lang='lat' dir='ltr'><strong>deinde</strong></span> <span class='ocrx_word' id='word_1_288' title='bbox 2235 1520 2438 1571; x_wconf 89' lang='lat' dir='ltr'><strong>quoque</strong></span> <span class='ocrx_word' id='word_1_289' title='bbox 2477 1506 2800 1554; x_wconf 81' lang='lat' dir='ltr'><strong>consulatum</strong></span> 
     </span>
     <span class='ocr_line' id='line_1_50' title="bbox 1741 1580 2804 1649; baseline -0.007 -15"><span class='ocrx_word' id='word_1_290' title='bbox 1741 1585 1986 1649; x_wconf 83' lang='lat' dir='ltr'><strong>adeptum</strong></span> <span class='ocrx_word' id='word_1_291' title='bbox 2009 1598 2138 1634; x_wconf 77' lang='lat' dir='ltr'><strong>esse.</strong></span> <span class='ocrx_word' id='word_1_292' title='bbox 2207 1584 2436 1645; x_wconf 83' lang='lat' dir='ltr'><strong>Eamque</strong></span> <span class='ocrx_word' id='word_1_293' title='bbox 2465 1594 2574 1629; x_wconf 87' lang='lat' dir='ltr'><strong>rem</strong></span> <span class='ocrx_word' id='word_1_294' title='bbox 2600 1587 2704 1629; x_wconf 86' lang='lat' dir='ltr'><strong>tam</strong></span> <span class='ocrx_word' id='word_1_295' title='bbox 2727 1580 2804 1628; x_wconf 86' lang='lat' dir='ltr'><strong>in·</strong></span> 
     </span>
     <span class='ocr_line' id='line_1_51' title="bbox 1741 1656 2806 1721; baseline -0.005 -12"><span class='ocrx_word' id='word_1_296' title='bbox 1741 1663 2029 1712; x_wconf 81' lang='lat' dir='ltr'><strong>toleranter</strong></span> <span class='ocrx_word' id='word_1_297' title='bbox 2052 1660 2230 1709; x_wconf 85' lang='lat' dir='ltr'><strong>tulisse</strong></span> <span class='ocrx_word' id='word_1_298' title='bbox 2253 1672 2373 1721; x_wconf 88' lang='lat' dir='ltr'><strong>pop.</strong></span> <span class='ocrx_word' id='word_1_299' title='bbox 2393 1659 2538 1707; x_wconf 78' lang='lat' dir='ltr'><strong>Rom.</strong></span> <span class='ocrx_word' id='word_1_300' title='bbox 2559 1656 2645 1721; x_wconf 89' lang='lat' dir='ltr'><strong>qui</strong></span> <span class='ocrx_word' id='word_1_301' title='bbox 2661 1658 2806 1706; x_wconf 86' lang='lat' dir='ltr'><strong>Ven-</strong></span> 
     </span>
     <span class='ocr_line' id='line_1_52' title="bbox 1740 1733 2801 1786; baseline -0.004 -1"><span class='ocrx_word' id='word_1_302' title='bbox 1740 1737 1926 1786; x_wconf 86' lang='lat' dir='ltr'><strong>tidium</strong></span> <span class='ocrx_word' id='word_1_303' title='bbox 1965 1737 2179 1784; x_wconf 77' lang='lat' dir='ltr'><strong>Bassum</strong></span> <span class='ocrx_word' id='word_1_304' title='bbox 2217 1734 2522 1783; x_wconf 83' lang='lat' dir='ltr'><strong>meminerat</strong></span> <span class='ocrx_word' id='word_1_305' title='bbox 2555 1733 2801 1783; x_wconf 80' lang='lat' dir='ltr'><strong>curandis</strong></span> 
     </span>
     <span class='ocr_line' id='line_1_53' title="bbox 1739 1810 2801 1875; baseline -0.004 -12"><span class='ocrx_word' id='word_1_306' title='bbox 1739 1814 1891 1863; x_wconf 86' lang='lat' dir='ltr'><strong>mulis</strong></span> <span class='ocrx_word' id='word_1_307' title='bbox 1935 1812 2218 1873; x_wconf 73' lang='lat' dir='ltr'><strong>victitasse,</strong></span> <span class='ocrx_word' id='word_1_308' title='bbox 2253 1818 2312 1859; x_wconf 88' lang='lat' dir='ltr'><strong>ut</strong></span> <span class='ocrx_word' id='word_1_309' title='bbox 2355 1810 2510 1873; x_wconf 80' lang='lat' dir='ltr'><strong>vulgo</strong></span> <span class='ocrx_word' id='word_1_310' title='bbox 2549 1824 2646 1875; x_wconf 85' lang='lat' dir='ltr'><strong>per</strong></span> <span class='ocrx_word' id='word_1_311' title='bbox 2687 1810 2801 1859; x_wconf 82' lang='lat' dir='ltr'><strong>vias</strong></span> 
     </span>
     <span class='ocr_line' id='line_1_54' title="bbox 1739 1882 2804 1949; baseline -0.003 -12"><span class='ocrx_word' id='word_1_312' title='bbox 1739 1888 1881 1937; x_wconf 87' lang='lat' dir='ltr'><strong>urbis</strong></span> <span class='ocrx_word' id='word_1_313' title='bbox 1893 1887 2134 1936; x_wconf 73' lang='lat' dir='ltr'><strong>versiculi</strong></span> <span class='ocrx_word' id='word_1_314' title='bbox 2150 1882 2616 1949; x_wconf 78' lang='lat' dir='ltr'><strong>proscriberentur:</strong></span> <span class='ocrx_word' id='word_1_315' title='bbox 2635 1886 2652 1915; x_wconf 81' lang='lat'><strong>⁴</strong></span> <span class='ocrx_word' id='word_1_316' title='bbox 2667 1886 2804 1935; x_wconf 90' lang='lat' dir='ltr'><strong>Con·</strong></span> 
     </span>
     <span class='ocr_line' id='line_1_55' title="bbox 1737 1962 2802 2025; baseline -0.003 -11"><span class='ocrx_word' id='word_1_317' title='bbox 1737 1966 1931 2015; x_wconf 89' lang='lat' dir='ltr'><strong>currite</strong></span> <span class='ocrx_word' id='word_1_318' title='bbox 1973 1978 2147 2013; x_wconf 88' lang='lat' dir='ltr'><strong>omnes</strong></span> <span class='ocrx_word' id='word_1_319' title='bbox 2201 1976 2440 2025; x_wconf 76' lang='lat' dir='ltr'><strong>augarus,</strong></span> <span class='ocrx_word' id='word_1_320' title='bbox 2498 1962 2764 2025; x_wconf 80' lang='lat' dir='ltr'><strong>aruspices</strong></span> <span class='ocrx_word' id='word_1_321' title='bbox 2785 1978 2802 2023; x_wconf 68' lang='grc' dir='ltr'><strong><em>ς</em></strong></span> 
     </span>
     <span class='ocr_line' id='line_1_56' title="bbox 1738 2034 2806 2092; baseline -0.003 -1"><span class='ocrx_word' id='word_1_322' title='bbox 1738 2043 2046 2092; x_wconf 85' lang='lat' dir='ltr'><strong>Portentum</strong></span> <span class='ocrx_word' id='word_1_323' title='bbox 2069 2040 2370 2088; x_wconf 81' lang='lat' dir='ltr'><strong>inusitatum</strong></span> <span class='ocrx_word' id='word_1_324' title='bbox 2399 2034 2678 2089; x_wconf 81' lang='lat' dir='ltr'><strong>conflatum</strong></span> <span class='ocrx_word' id='word_1_325' title='bbox 2718 2047 2806 2089; x_wconf 85' lang='lat' dir='ltr'><strong>est</strong></span> 
     </span>
     <span class='ocr_line' id='line_1_57' title="bbox 1739 2111 2804 2178; baseline -0.002 -13"><span class='ocrx_word' id='word_1_326' title='bbox 1739 2132 1944 2167; x_wconf 86' lang='lat' dir='ltr'><strong>recens:</strong></span> <span class='ocrx_word' id='word_1_327' title='bbox 1981 2116 2116 2166; x_wconf 84' lang='lat' dir='ltr'><strong>Nam</strong></span> <span class='ocrx_word' id='word_1_328' title='bbox 2141 2114 2304 2164; x_wconf 86' lang='lat' dir='ltr'><strong>mulos</strong></span> <span class='ocrx_word' id='word_1_329' title='bbox 2320 2114 2405 2178; x_wconf 85' lang='lat' dir='ltr'><strong>qui</strong></span> <span class='ocrx_word' id='word_1_330' title='bbox 2422 2111 2662 2173; x_wconf 82' lang='lat' dir='ltr'><strong>fricabat,</strong></span> <span class='ocrx_word' id='word_1_331' title='bbox 2681 2128 2804 2163; x_wconf 80' lang='lat' dir='ltr'><strong>con·</strong></span> 
     </span>
     <span class='ocr_line' id='line_1_58' title="bbox 1737 2190 2802 2243; baseline -0.003 0"><span class='ocrx_word' id='word_1_332' title='bbox 1737 2196 1815 2243; x_wconf 87' lang='lat' dir='ltr'><strong>sul</strong></span> <span class='ocrx_word' id='word_1_333' title='bbox 1836 2193 2004 2243; x_wconf 85' lang='lat' dir='ltr'><strong>factus</strong></span> <span class='ocrx_word' id='word_1_334' title='bbox 2027 2191 2138 2241; x_wconf 82' lang='lat' dir='ltr'><strong>est.&#39;</strong></span> <span class='ocrx_word' id='word_1_335' title='bbox 2185 2190 2416 2239; x_wconf 82' lang='lat' dir='ltr'><strong>Eundem</strong></span> <span class='ocrx_word' id='word_1_336' title='bbox 2435 2190 2647 2238; x_wconf 80' lang='lat' dir='ltr'><strong>Bassum</strong></span> <span class='ocrx_word' id='word_1_337' title='bbox 2669 2190 2802 2241; x_wconf 85' lang='lat' dir='ltr'><strong>Sue·</strong></span> 
     </span>
     <span class='ocr_line' id='line_1_59' title="bbox 1739 2266 2804 2333; baseline -0.004 -14"><span class='ocrx_word' id='word_1_338' title='bbox 1739 2272 1910 2320; x_wconf 89' lang='lat' dir='ltr'><strong>tonius</strong></span> <span class='ocrx_word' id='word_1_339' title='bbox 1932 2268 2282 2333; x_wconf 73' lang='lat' dir='ltr'><strong>Tranquillus,</strong></span> <span class='ocrx_word' id='word_1_340' title='bbox 2320 2266 2654 2329; x_wconf 66' lang='lat' dir='ltr'><strong>praepositum</strong></span> <span class='ocrx_word' id='word_1_341' title='bbox 2685 2280 2804 2316; x_wconf 82' lang='lat' dir='ltr'><strong>esse</strong></span> 
     </span>
     <span class='ocr_line' id='line_1_60' title="bbox 1739 2340 2801 2408; baseline -0.004 -13"><span class='ocrx_word' id='word_1_342' title='bbox 1739 2361 1770 2395; x_wconf 80' lang='lat' dir='ltr'><strong>a</strong></span> <span class='ocrx_word' id='word_1_343' title='bbox 1791 2346 1868 2395; x_wconf 84' lang='lat' dir='ltr'><strong>M.</strong></span> <span class='ocrx_word' id='word_1_344' title='bbox 1889 2344 2118 2395; x_wconf 84' lang='lat' dir='ltr'><strong>Antonio</strong></span> <span class='ocrx_word' id='word_1_345' title='bbox 2139 2342 2414 2408; x_wconf 82' lang='lat' dir='ltr'><strong>provinciis</strong></span> <span class='ocrx_word' id='word_1_346' title='bbox 2435 2340 2801 2404; x_wconf 79' lang='lat' dir='ltr'><strong>orientalibus,</strong></span> 
     </span>
     <span class='ocr_line' id='line_1_61' title="bbox 1739 2421 2802 2485; baseline -0.004 -14"><span class='ocrx_word' id='word_1_347' title='bbox 1739 2423 2059 2485; x_wconf 83' lang='lat' dir='ltr'><strong>Parthosque</strong></span> <span class='ocrx_word' id='word_1_348' title='bbox 2103 2422 2154 2470; x_wconf 90' lang='lat' dir='ltr'><strong>in</strong></span> <span class='ocrx_word' id='word_1_349' title='bbox 2192 2421 2391 2483; x_wconf 79' lang='lat' dir='ltr'><strong>Syriam</strong></span> <span class='ocrx_word' id='word_1_350' title='bbox 2431 2422 2802 2483; x_wconf 83' lang='lat' dir='ltr'><strong>irrumpentes,</strong></span> 
     </span>
     <span class='ocr_line' id='line_1_62' title="bbox 1738 2492 2802 2561; baseline -0.004 -14"><span class='ocrx_word' id='word_1_351' title='bbox 1738 2498 1906 2547; x_wconf 87' lang='lat' dir='ltr'><strong>tribus</strong></span> <span class='ocrx_word' id='word_1_352' title='bbox 1947 2499 2011 2547; x_wconf 90' lang='lat' dir='ltr'><strong>ab</strong></span> <span class='ocrx_word' id='word_1_353' title='bbox 2055 2512 2118 2547; x_wconf 91' lang='lat' dir='ltr'><strong>eo</strong></span> <span class='ocrx_word' id='word_1_354' title='bbox 2163 2499 2354 2561; x_wconf 68' lang='lat' dir='ltr'><strong>praeliis</strong></span> <span class='ocrx_word' id='word_1_355' title='bbox 2399 2496 2556 2560; x_wconf 84' lang='lat' dir='ltr'><strong>fusos,</strong></span> <span class='ocrx_word' id='word_1_356' title='bbox 2596 2492 2802 2559; x_wconf 73' lang='lat' dir='ltr'><strong>scribit,</strong></span> 
     </span>
     <span class='ocr_line' id='line_1_63' title="bbox 1737 2574 2803 2638; baseline 0 -15"><span class='ocrx_word' id='word_1_357' title='bbox 1737 2589 1958 2638; x_wconf 86' lang='lat' dir='ltr'><strong>eumque</strong></span> <span class='ocrx_word' id='word_1_358' title='bbox 1997 2576 2214 2638; x_wconf 88' lang='lat' dir='ltr'><strong>primum</strong></span> <span class='ocrx_word' id='word_1_359' title='bbox 2235 2576 2460 2624; x_wconf 86' lang='lat' dir='ltr'><strong>omnium</strong></span> <span class='ocrx_word' id='word_1_360' title='bbox 2499 2576 2566 2623; x_wconf 89' lang='lat' dir='ltr'><strong>de</strong></span> <span class='ocrx_word' id='word_1_361' title='bbox 2589 2574 2803 2623; x_wconf 80' lang='lat' dir='ltr'><strong>Parthis</strong></span> 
     </span>
     <span class='ocr_line' id='line_1_64' title="bbox 1741 2650 2800 2715; baseline 0.002 -17"><span class='ocrx_word' id='word_1_362' title='bbox 1741 2650 2101 2712; x_wconf 84' lang='lat' dir='ltr'><strong>triumphasse,</strong></span> <span class='ocrx_word' id='word_1_363' title='bbox 2124 2658 2176 2700; x_wconf 92' lang='lat' dir='ltr'><strong>et</strong></span> <span class='ocrx_word' id='word_1_364' title='bbox 2211 2660 2378 2701; x_wconf 84' lang='lat' dir='ltr'><strong>morte</strong></span> <span class='ocrx_word' id='word_1_365' title='bbox 2399 2650 2559 2711; x_wconf 88' lang='lat' dir='ltr'><strong>obita,</strong></span> <span class='ocrx_word' id='word_1_366' title='bbox 2583 2650 2800 2715; x_wconf 85' lang='lat' dir='ltr'><strong>publico</strong></span> 
     </span>
     <span class='ocr_line' id='line_1_65' title="bbox 1741 2725 2378 2788; baseline 0.005 -14"><span class='ocrx_word' id='word_1_367' title='bbox 1741 2725 1924 2775; x_wconf 85' lang='lat' dir='ltr'><strong>funere</strong></span> <span class='ocrx_word' id='word_1_368' title='bbox 1947 2728 2206 2788; x_wconf 82' lang='lat' dir='ltr'><strong>sepultum</strong></span> <span class='ocrx_word' id='word_1_369' title='bbox 2229 2728 2378 2777; x_wconf 61' lang='lat' dir='ltr'><strong>esse!</strong></span> 
     </span>
    </p>

    <p class='ocr_par' dir='ltr' id='par_1_11' title="bbox 1737 2801 2808 3461">
     <span class='ocr_line' id='line_1_66' title="bbox 1813 2801 2806 2865; baseline 0.003 -15"><span class='ocrx_word' id='word_1_370' title='bbox 1813 2801 2110 2865; x_wconf 73' lang='lat' dir='ltr'><strong>Ventidium]</strong></span> <span class='ocrx_word' id='word_1_371' title='bbox 2145 2802 2420 2854; x_wconf 83' lang='lat' dir='ltr'><strong>Ventidius</strong></span> <span class='ocrx_word' id='word_1_372' title='bbox 2440 2803 2636 2853; x_wconf 84' lang='lat' dir='ltr'><strong>duobus</strong></span> <span class='ocrx_word' id='word_1_373' title='bbox 2669 2817 2806 2865; x_wconf 63' lang='lat' dir='ltr'><strong>pre·</strong></span> 
     </span>
     <span class='ocr_line' id='line_1_67' title="bbox 1739 2876 2808 2940; baseline 0.002 -15"><span class='ocrx_word' id='word_1_374' title='bbox 1739 2876 1819 2926; x_wconf 91' lang='lat' dir='ltr'><strong>liis</strong></span> <span class='ocrx_word' id='word_1_375' title='bbox 1843 2878 2066 2927; x_wconf 81' lang='lat' dir='ltr'><strong>Parthos</strong></span> <span class='ocrx_word' id='word_1_376' title='bbox 2087 2878 2230 2940; x_wconf 82' lang='lat' dir='ltr'><strong>vicit,</strong></span> <span class='ocrx_word' id='word_1_377' title='bbox 2265 2879 2431 2929; x_wconf 84' lang='lat' dir='ltr'><strong>altero</strong></span> <span class='ocrx_word' id='word_1_378' title='bbox 2453 2876 2683 2928; x_wconf 75' lang='lat' dir='ltr'><strong>confecit</strong></span> <span class='ocrx_word' id='word_1_379' title='bbox 2704 2876 2808 2927; x_wconf 80' lang='lat' dir='ltr'><strong>La-</strong></span> 
     </span>
     <span class='ocr_line' id='line_1_68' title="bbox 1741 2954 2804 3017; baseline 0.002 -14"><span class='ocrx_word' id='word_1_380' title='bbox 1741 2954 1966 3017; x_wconf 85' lang='lat' dir='ltr'><strong>bienum,</strong></span> <span class='ocrx_word' id='word_1_381' title='bbox 1987 2956 2150 3005; x_wconf 85' lang='lat' dir='ltr'><strong>altero</strong></span> <span class='ocrx_word' id='word_1_382' title='bbox 2173 2954 2431 3004; x_wconf 88' lang='lat' dir='ltr'><strong>Pacorum</strong></span> <span class='ocrx_word' id='word_1_383' title='bbox 2449 2954 2640 3005; x_wconf 85' lang='lat' dir='ltr'><strong>Orodis</strong></span> <span class='ocrx_word' id='word_1_384' title='bbox 2662 2955 2804 3017; x_wconf 80' lang='lat' dir='ltr'><strong>regis</strong></span> 
     </span>
     <span class='ocr_line' id='line_1_69' title="bbox 1737 3028 2803 3095; baseline 0.002 -17"><span class='ocrx_word' id='word_1_385' title='bbox 1737 3028 1916 3091; x_wconf 83' lang='lat' dir='ltr'><strong>filium,</strong></span> <span class='ocrx_word' id='word_1_386' title='bbox 1938 3038 1994 3080; x_wconf 86' lang='lat' dir='ltr'><strong>et</strong></span> <span class='ocrx_word' id='word_1_387' title='bbox 2030 3030 2210 3079; x_wconf 77' lang='lat' dir='ltr'><strong>eadem</strong></span> <span class='ocrx_word' id='word_1_388' title='bbox 2257 3030 2359 3091; x_wconf 82' lang='lat' dir='ltr'><strong>die,</strong></span> <span class='ocrx_word' id='word_1_389' title='bbox 2394 3046 2496 3095; x_wconf 87' lang='lat' dir='ltr'><strong>qua</strong></span> <span class='ocrx_word' id='word_1_390' title='bbox 2521 3030 2734 3079; x_wconf 86' lang='lat' dir='ltr'><strong>Crassus</strong></span> <span class='ocrx_word' id='word_1_391' title='bbox 2768 3046 2803 3081; x_wconf 79' lang='lat' dir='ltr'>a</span> 
     </span>
     <span class='ocr_line' id='line_1_70' title="bbox 1740 3106 2804 3155; baseline 0 0"><span class='ocrx_word' id='word_1_392' title='bbox 1740 3106 1948 3155; x_wconf 83' lang='lat' dir='ltr'><strong>Parthis</strong></span> <span class='ocrx_word' id='word_1_393' title='bbox 1969 3106 2172 3154; x_wconf 88' lang='lat' dir='ltr'><strong>deletus</strong></span> <span class='ocrx_word' id='word_1_394' title='bbox 2193 3113 2325 3155; x_wconf 80' lang='lat' dir='ltr'><strong>erat.</strong></span> <span class='ocrx_word' id='word_1_395' title='bbox 2359 3108 2523 3155; x_wconf 80' lang='lat' dir='ltr'><strong>Caesis</strong></span> <span class='ocrx_word' id='word_1_396' title='bbox 2549 3106 2722 3155; x_wconf 75' lang='lat' dir='ltr'><strong>Pansa</strong></span> <span class='ocrx_word' id='word_1_397' title='bbox 2743 3114 2804 3155; x_wconf 86' lang='lat' dir='ltr'><strong>et</strong></span> 
     </span>
     <span class='ocr_line' id='line_1_71' title="bbox 1741 3180 2804 3245; baseline 0.001 -16"><span class='ocrx_word' id='word_1_398' title='bbox 1741 3180 1918 3230; x_wconf 84' lang='lat' dir='ltr'><strong>Hirtio</strong></span> <span class='ocrx_word' id='word_1_399' title='bbox 1941 3181 2085 3229; x_wconf 81' lang='lat' dir='ltr'><strong>Coss.</strong></span> <span class='ocrx_word' id='word_1_400' title='bbox 2123 3181 2304 3230; x_wconf 67' lang='lat' dir='ltr'><strong>Pansae</strong></span> <span class='ocrx_word' id='word_1_401' title='bbox 2334 3182 2583 3231; x_wconf 81' lang='lat' dir='ltr'><strong>Octavius</strong></span> <span class='ocrx_word' id='word_1_402' title='bbox 2607 3184 2804 3245; x_wconf 72' lang='lat' dir='ltr'><strong>Caesar,</strong></span> 
     </span>
     <span class='ocr_line' id='line_1_72' title="bbox 1741 3258 2804 3319; baseline -0.002 -10"><span class='ocrx_word' id='word_1_403' title='bbox 1741 3260 1914 3309; x_wconf 81' lang='lat' dir='ltr'><strong>Hirtio</strong></span> <span class='ocrx_word' id='word_1_404' title='bbox 1941 3258 2001 3309; x_wconf 82' lang='grc' dir='ltr'><strong>Ρ.</strong></span> <span class='ocrx_word' id='word_1_405' title='bbox 2020 3258 2233 3319; x_wconf 85' lang='lat' dir='ltr'><strong>Pedius,</strong></span> <span class='ocrx_word' id='word_1_406' title='bbox 2258 3267 2366 3308; x_wconf 87' lang='lat' dir='ltr'><strong>tum</strong></span> <span class='ocrx_word' id='word_1_407' title='bbox 2385 3260 2580 3310; x_wconf 69' lang='lat' dir='ltr'><strong>Caesari</strong></span> <span class='ocrx_word' id='word_1_408' title='bbox 2601 3260 2804 3308; x_wconf 87' lang='lat' dir='ltr'><strong>Trium-</strong></span> 
     </span>
     <span class='ocr_line' id='line_1_73' title="bbox 1739 3334 2801 3395; baseline 0.003 -14"><span class='ocrx_word' id='word_1_409' title='bbox 1739 3336 1848 3383; x_wconf 85' lang='lat' dir='ltr'><strong>viro</strong></span> <span class='ocrx_word' id='word_1_410' title='bbox 1891 3335 1952 3383; x_wconf 90' lang='lat' dir='ltr'><strong>C.</strong></span> <span class='ocrx_word' id='word_1_411' title='bbox 1999 3334 2234 3395; x_wconf 86' lang='lat' dir='ltr'><strong>Carinas,</strong></span> <span class='ocrx_word' id='word_1_412' title='bbox 2281 3342 2337 3385; x_wconf 87' lang='lat' dir='ltr'><strong>et</strong></span> <span class='ocrx_word' id='word_1_413' title='bbox 2383 3336 2548 3385; x_wconf 73' lang='lat' dir='ltr'><strong>Pedio</strong></span> <span class='ocrx_word' id='word_1_414' title='bbox 2597 3343 2801 3384; x_wconf 86' lang='lat' dir='ltr'><strong>mortuo</strong></span> 
     </span>
     <span class='ocr_line' id='line_1_74' title="bbox 1740 3408 2667 3461; baseline 0.001 -2"><span class='ocrx_word' id='word_1_415' title='bbox 1740 3410 2012 3459; x_wconf 84' lang='lat' dir='ltr'><strong>Ventidius</strong></span> <span class='ocrx_word' id='word_1_416' title='bbox 2031 3408 2282 3461; x_wconf 79' lang='lat' dir='ltr'><strong>suffectus</strong></span> <span class='ocrx_word' id='word_1_417' title='bbox 2305 3420 2402 3461; x_wconf 87' lang='lat' dir='ltr'><strong>est.</strong></span> <span class='ocrx_word' id='word_1_418' title='bbox 2437 3411 2522 3461; x_wconf 80' lang='lat' dir='ltr'><strong>Sic</strong></span> <span class='ocrx_word' id='word_1_419' title='bbox 2545 3412 2667 3461; x_wconf 90' lang='lat' dir='ltr'><strong>Dio.</strong></span> 
     </span>
    </p>

    <p class='ocr_par' dir='ltr' id='par_1_12' title="bbox 1733 3485 2806 4309">
     <span class='ocr_line' id='line_1_75' title="bbox 1802 3485 2804 3553; baseline -0.002 -16"><span class='ocrx_word' id='word_1_420' title='bbox 1802 3494 1826 3519; x_wconf 84' lang='lat'><strong>¹¹</strong></span> <span class='ocrx_word' id='word_1_421' title='bbox 1861 3488 2094 3553; x_wconf 72' lang='lat' dir='ltr'><strong>Car-em]</strong></span> <span class='ocrx_word' id='word_1_422' title='bbox 2127 3487 2356 3537; x_wconf 83' lang='lat' dir='ltr'><strong>Velleius</strong></span> <span class='ocrx_word' id='word_1_423' title='bbox 2379 3500 2440 3535; x_wconf 84' lang='lat' dir='ltr'><strong>n.</strong></span> <span class='ocrx_word' id='word_1_424' title='bbox 2466 3492 2542 3537; x_wconf 85' lang='lat'><strong>12.</strong></span> <span class='ocrx_word' id='word_1_425' title='bbox 2567 3490 2582 3516; x_wconf 90' lang='lat'>‘</span> <span class='ocrx_word' id='word_1_426' title='bbox 2605 3485 2804 3550; x_wconf 77' lang='lat' dir='ltr'><strong>Effusa,</strong></span> 
     </span>
     <span class='ocr_line' id='line_1_76' title="bbox 1737 3564 2803 3629; baseline 0.002 -16"><span class='ocrx_word' id='word_1_427' title='bbox 1737 3570 1796 3613; x_wconf 88' lang='lat' dir='ltr'><strong>ut</strong></span> <span class='ocrx_word' id='word_1_428' title='bbox 1837 3565 2193 3629; x_wconf 65' lang='lat' dir='ltr'><strong>praediximus,</strong></span> <span class='ocrx_word' id='word_1_429' title='bbox 2228 3564 2461 3613; x_wconf 82' lang='lat' dir='ltr'><strong>immanis</strong></span> <span class='ocrx_word' id='word_1_430' title='bbox 2483 3564 2557 3611; x_wconf 83' lang='lat' dir='ltr'><strong>vis</strong></span> <span class='ocrx_word' id='word_1_431' title='bbox 2580 3564 2803 3615; x_wconf 80' lang='lat' dir='ltr'><strong>Germa·</strong></span> 
     </span>
     <span class='ocr_line' id='line_1_77' title="bbox 1735 3638 2804 3704; baseline 0.001 -15"><span class='ocrx_word' id='word_1_432' title='bbox 1735 3654 1916 3691; x_wconf 80' lang='lat' dir='ltr'><strong>narum</strong></span> <span class='ocrx_word' id='word_1_433' title='bbox 1939 3642 2190 3704; x_wconf 81' lang='lat' dir='ltr'><strong>gentium,</strong></span> <span class='ocrx_word' id='word_1_434' title='bbox 2231 3638 2413 3703; x_wconf 83' lang='lat' dir='ltr'><strong>quibus</strong></span> <span class='ocrx_word' id='word_1_435' title='bbox 2453 3650 2636 3687; x_wconf 82' lang='lat' dir='ltr'><strong>nomen</strong></span> <span class='ocrx_word' id='word_1_436' title='bbox 2661 3640 2804 3691; x_wconf 86' lang='lat' dir='ltr'><strong>Cim-</strong></span> 
     </span>
     <span class='ocr_line' id='line_1_78' title="bbox 1737 3712 2798 3777; baseline 0.001 -13"><span class='ocrx_word' id='word_1_437' title='bbox 1737 3716 1843 3765; x_wconf 87' lang='lat' dir='ltr'><strong>bris</strong></span> <span class='ocrx_word' id='word_1_438' title='bbox 1867 3731 1927 3765; x_wconf 85' lang='lat' dir='ltr'><strong>ac</strong></span> <span class='ocrx_word' id='word_1_439' title='bbox 1946 3714 2191 3762; x_wconf 71' lang='lat' dir='ltr'><strong>&#39;&#39;l·eutonis</strong></span> <span class='ocrx_word' id='word_1_440' title='bbox 2213 3719 2347 3773; x_wconf 87' lang='lat' dir='ltr'><strong>erat,</strong></span> <span class='ocrx_word' id='word_1_441' title='bbox 2361 3726 2478 3760; x_wconf 88' lang='lat' dir='ltr'><strong>cum</strong></span> <span class='ocrx_word' id='word_1_442' title='bbox 2493 3712 2798 3777; x_wconf 71' lang='lat' dir='ltr'><strong>Coepiouem</strong></span> 
     </span>
     <span class='ocr_line' id='line_1_79' title="bbox 1737 3788 2804 3853; baseline 0 -13"><span class='ocrx_word' id='word_1_443' title='bbox 1737 3792 2091 3853; x_wconf 81' lang='lat' dir='ltr'><strong>Manliumque</strong></span> <span class='ocrx_word' id='word_1_444' title='bbox 2113 3788 2394 3847; x_wconf 78' lang='lat' dir='ltr'><strong>consulem,</strong></span> <span class='ocrx_word' id='word_1_445' title='bbox 2432 3796 2488 3837; x_wconf 90' lang='lat' dir='ltr'><strong>et</strong></span> <span class='ocrx_word' id='word_1_446' title='bbox 2529 3796 2652 3840; x_wconf 83' lang='lat' dir='ltr'><strong>ante</strong></span> <span class='ocrx_word' id='word_1_447' title='bbox 2676 3790 2804 3840; x_wconf 85' lang='lat' dir='ltr'><strong>Car·</strong></span> 
     </span>
     <span class='ocr_line' id='line_1_80' title="bbox 1737 3862 2806 3931; baseline -0.001 -15"><span class='ocrx_word' id='word_1_448' title='bbox 1737 3868 1918 3916; x_wconf 86' lang='lat' dir='ltr'><strong>bouem</strong></span> <span class='ocrx_word' id='word_1_449' title='bbox 1960 3865 2288 3928; x_wconf 84' lang='lat' dir='ltr'><strong>Silanumque</strong></span> <span class='ocrx_word' id='word_1_450' title='bbox 2329 3862 2583 3915; x_wconf 80' lang='lat' dir='ltr'><strong>fudissent</strong></span> <span class='ocrx_word' id='word_1_451' title='bbox 2629 3863 2806 3931; x_wconf 70' lang='lat' dir='ltr'><strong>fugas·</strong></span> 
     </span>
     <span class='ocr_line' id='line_1_81' title="bbox 1733 3938 2798 4005; baseline 0.002 -16"><span class='ocrx_word' id='word_1_452' title='bbox 1733 3952 1952 4005; x_wconf 70' lang='lat' dir='ltr'><strong>senique</strong></span> <span class='ocrx_word' id='word_1_453' title='bbox 1975 3940 2026 3987; x_wconf 90' lang='lat' dir='ltr'><strong>iu</strong></span> <span class='ocrx_word' id='word_1_454' title='bbox 2051 3938 2256 4000; x_wconf 83' lang='lat' dir='ltr'><strong>Galliis,</strong></span> <span class='ocrx_word' id='word_1_455' title='bbox 2277 3946 2332 3989; x_wconf 88' lang='lat' dir='ltr'><strong>et</strong></span> <span class='ocrx_word' id='word_1_456' title='bbox 2359 3940 2626 3990; x_wconf 83' lang='lat' dir='ltr'><strong>exuissent</strong></span> <span class='ocrx_word' id='word_1_457' title='bbox 2647 3956 2798 3991; x_wconf 83' lang='lat' dir='ltr'><strong>exer·</strong></span> 
     </span>
     <span class='ocr_line' id='line_1_82' title="bbox 1736 4016 2800 4079; baseline 0 -13"><span class='ocrx_word' id='word_1_458' title='bbox 1736 4018 1864 4077; x_wconf 87' lang='lat' dir='ltr'><strong>citu,</strong></span> <span class='ocrx_word' id='word_1_459' title='bbox 1905 4018 2254 4079; x_wconf 78' lang='lat' dir='ltr'><strong>Scaurumque</strong></span> <span class='ocrx_word' id='word_1_460' title='bbox 2283 4016 2548 4065; x_wconf 81' lang='lat' dir='ltr'><strong>Aurelium</strong></span> <span class='ocrx_word' id='word_1_461' title='bbox 2580 4016 2699 4065; x_wconf 87' lang='lat' dir='ltr'><strong>Cos.</strong></span> <span class='ocrx_word' id='word_1_462' title='bbox 2739 4022 2800 4067; x_wconf 86' lang='lat' dir='ltr'><strong>et</strong></span> 
     </span>
     <span class='ocr_line' id='line_1_83' title="bbox 1737 4090 2796 4142; baseline 0 -1"><span class='ocrx_word' id='word_1_463' title='bbox 1737 4094 1862 4141; x_wconf 84' lang='lat' dir='ltr'><strong>alios</strong></span> <span class='ocrx_word' id='word_1_464' title='bbox 1877 4090 2206 4141; x_wconf 82' lang='lat' dir='ltr'><strong>celeberrimi</strong></span> <span class='ocrx_word' id='word_1_465' title='bbox 2235 4092 2453 4141; x_wconf 83' lang='lat' dir='ltr'><strong>nominis</strong></span> <span class='ocrx_word' id='word_1_466' title='bbox 2475 4092 2614 4141; x_wconf 84' lang='lat' dir='ltr'><strong>viros</strong></span> <span class='ocrx_word' id='word_1_467' title='bbox 2639 4092 2796 4142; x_wconf 88' lang='lat' dir='ltr'><strong>truci-</strong></span> 
     </span>
     <span class='ocr_line' id='line_1_84' title="bbox 1735 4168 2800 4231; baseline -0.001 -13"><span class='ocrx_word' id='word_1_468' title='bbox 1735 4170 1958 4231; x_wconf 72' lang='lat' dir='ltr'><strong>dassent,</strong></span> <span class='ocrx_word' id='word_1_469' title='bbox 1980 4168 2200 4231; x_wconf 84' lang='lat' dir='ltr'><strong>populns</strong></span> <span class='ocrx_word' id='word_1_470' title='bbox 2222 4168 2373 4220; x_wconf 85' lang='lat' dir='ltr'><strong>Rom.</strong></span> <span class='ocrx_word' id='word_1_471' title='bbox 2389 4182 2490 4217; x_wconf 85' lang='lat' dir='ltr'><strong>nou</strong></span> <span class='ocrx_word' id='word_1_472' title='bbox 2526 4168 2682 4218; x_wconf 82' lang='lat' dir='ltr'><strong>alium</strong></span> <span class='ocrx_word' id='word_1_473' title='bbox 2720 4183 2800 4217; x_wconf 81' lang='lat' dir='ltr'><strong>re-</strong></span> 
     </span>
     <span class='ocr_line' id='line_1_85' title="bbox 1733 4242 2801 4309; baseline 0.001 -16"><span class='ocrx_word' id='word_1_474' title='bbox 1733 4243 1987 4309; x_wconf 74' lang='lat' dir='ltr'><strong>pellendis</strong></span> <span class='ocrx_word' id='word_1_475' title='bbox 2017 4244 2184 4294; x_wconf 72' lang='lat' dir='ltr'><strong>tentis</strong></span> <span class='ocrx_word' id='word_1_476' title='bbox 2217 4243 2451 4294; x_wconf 76' lang='lat' dir='ltr'><strong>hostibus</strong></span> <span class='ocrx_word' id='word_1_477' title='bbox 2485 4244 2650 4309; x_wconf 80' lang='lat' dir='ltr'><strong>magis</strong></span> <span class='ocrx_word' id='word_1_478' title='bbox 2683 4242 2801 4294; x_wconf 78' lang='lat' dir='ltr'><strong>ido·-</strong></span> 
     </span>
    </p>
   </div>
  </div>
 </body>
</html>
