3175 4934
1133 364 1543 429 actricem,
1588 368 1753 415 ou.
1797 353 1865 418 9.

2431 355 2608 425 8471

398 510 517 573 aut
560 524 681 589 per
720 504 957 573 attend
1006 506 1357 592 quoesivit:
1404 509 1640 591 procul
1687 511 1772 575 ab
1817 510 2232 577 oemulatione
2277 512 2602 585 adversus

400 607 739 689 collegas:
786 610 1019 692 procul
1072 628 1115 673 a
1161 611 1577 673 contentione
1619 610 1940 676 adversus
1975 610 2484 683 Procuratores:
2532 620 2602 681 et

392 802 618 860 tudinem,
638 808 723 852 ω
742 804 833 851 ullo
856 804 1087 853 adhibito
1106 804 1335 854 lenocinio
1355 805 1595 867 conavit.-
1623 808 1792 869 procul
1809 822 1840 856 a
1861 809 2003 857 livore
2036 809 2090 857 irs
2120 810 2336 872 conegus,
2368 812 2534 874 procul
2567 826 2600 860 u

391 866 507 916 rim
534 872 617 916 aut
635 868 807 929 jun-gio
825 870 1049 918 adversus
1075 874 1432 933 praemorsa.-
1462 885 1577 933 quos
1613 884 1852 934 superare,
1885 871 2016 931 infra
2045 875 2249 935 gloriam
2277 889 2434 939 mun,
2467 883 2516 923 et
2549 889 2600 925 as

1396 1045 1613 1097 NOTAE

397 1174 499 1217 tam
537 1167 823 1217 landandus
855 1169 941 1230 sit,
972 1182 1125 1234 quam
1158 1168 1456 1231 vituperan-

396 1242 509 1303 dus,
531 1244 617 1307 qui
642 1244 889 1307 praeditus
908 1258 1009 1293 non
1030 1251 1127 1296 est.
1169 1245 1455 1306 Vir-dangu.

458 1318 697 1382 Vulgata
722 1320 869 1367 nimis
903 1320 983 1369 hae
1013 1320 1259 1369 virtutes:
1292 1332 1455 1382 nsque

397 1392 529 1444 adeo
551 1395 829 1457 spernebat
852 1409 993 1459 opes,
1024 1403 1081 1445 et
1114 1396 1453 1459 cupiditatem

395 1482 597 1519 omnem
641 1472 1032 1532 proculcaverat
1084 1468 1346 1535 Agricola,
1394 1478 1453 1520 ut

394 1542 555 1593 etiam
578 1542 765 1605 samum
796 1552 850 1595 et
889 1546 1122 1610 gloriam,
1156 1548 1374 1611 euisoepe
1394 1553 1453 1597 et

393 1618 503 1667 boni
544 1618 695 1669 nimis
737 1622 1003 1685 indulgent,
1046 1622 1208 1689 (quod
1252 1624 1453 1675 licitum

392 1702 593 1758 tamem
639 1703 695 1746 et
738 1700 980 1747 eximium
1020 1706 1102 1749 est
1150 1699 1203 1748 in
1240 1702 1450 1750 summis

390 1770 545 1821 viris:
580 1787 695 1823 nam
722 1772 925 1825 fructus
955 1778 1179 1839 optimus
1201 1776 1451 1827 virtutum

391 1846 610 1913 gloria5)
637 1862 737 1899 non
765 1851 1040 1900 admodum
1065 1859 1343 1917 quereret,
1362 1867 1451 1901 ne-

391 1936 494 1988 que
521 1924 770 1986 jactando
792 1927 1056 1989 virtutem,
1078 1933 1169 1976 aut
1198 1933 1309 1977 arte
1344 1928 1452 1978 ulla

390 1997 549 2047 decus
574 2006 835 2063 captaret.

454 2074 479 2111 b
512 2077 591 2124 Ne
616 2076 804 2135 fantum
844 2076 1053 2141 quidem]
1103 2078 1241 2129 Ptin.
1279 2077 1370 2129 lib.
1408 2092 1449 2129 ῐ.

389 2150 543 2213 epist.
582 2154 665 2201 22.
720 2152 737 2179 ‘
763 2151 935 2201 Ornat
978 2152 1093 2204 haec
1146 2153 1450 2217 magnitudo

391 2227 565 2291 animi,
600 2242 718 2292 quae
756 2228 881 2277 nihil
922 2229 986 2278 ad
1029 2228 1449 2293 ostentationem,

388 2303 561 2354 omnia
581 2303 648 2352 ad
674 2304 1043 2354 conscientiam
1066 2304 1261 2365 refert3
1286 2311 1450 2355 recte·

388 2393 490 2443 que
531 2376 679 2442 facti,
724 2394 826 2429 non
870 2394 937 2428 ex
986 2380 1165 2444 populi
1214 2394 1449 2431 sermone

388 2452 703 2515 mercedem,
724 2452 817 2503 sed
840 2467 906 2503 ex
928 2452 1071 2503 facto
1094 2454 1266 2517 petit.'

390 2542 397 2547 ·
448 2535 474 2561 ‘-
510 2528 892 2592 Cnidiumsoepe
912 2529 1043 2593 boni]
1062 2530 1273 2593 Quippe
1288 2530 1447 2579 etiam

384 2604 402 2633 ‘
424 2604 742 2666 sapientibus
760 2604 953 2667 cupido
978 2605 1155 2667 glorioe
1178 2604 1449 2655 novissima

388 2679 631 2739 exuitur,'
668 2678 805 2729 Hist.
830 2681 866 2730 l.
895 2693 972 2729 lv.
996 2694 1064 2731 ex
1086 2682 1173 2730 illo
1196 2680 1449 2745 Platonis,

383 2754 744 2818 τὴνκενοδοξίων
754 2757 816 2805 ὸς
824 2759 1099 2805 τελευταῖον
1111 2760 1313 2817 χιτῧναε
1336 2756 1454 2805 Glo-

384 2834 473 2881 riae
486 2832 747 2897 cupidinem
761 2834 885 2883 velat
907 2834 1126 2882 ultimam
1142 2832 1351 2881 tunicum
1370 2834 1448 2880 de-

476 2922 513 2956 ι.

379 2922 475 3014 1¹⁰2
508 2982 609 3031 Aut
629 2996 715 3043 per
736 2982 911 3044 artem]
940 2981 1019 3029 Ut
1053 2977 1331 3029 Africanus
1362 2994 1445 3030 su-

386 3056 582 3120 perior.
638 3056 811 3105 Livius
849 3056 887 3103 l.
918 3068 1071 3104 xxvr.
1106 3061 1161 3103 et
1198 3054 1445 3119 Polybius

382 3132 473 3182 lib.
498 3145 577 3183 ιτ.
613 3132 766 3195 Apud
785 3139 1016 3186 nostrum
1054 3133 1143 3181 lib.
1168 3142 1294 3181 xm.
1332 3134 1445 3183 Do-

382 3209 559 3260 mitius
581 3208 821 3273 Corbulo,
846 3209 863 3235 ‘
887 3210 1052 3272 Super
1072 3207 1443 3271 experientiam

382 3287 806 3351 sapientiamque,
826 3286 986 3335 etiam
1018 3287 1193 3348 specie
1218 3284 1441 3334 inanium

382 3360 615 3411 validus!
655 3362 899 3410 Ceterum
920 3360 973 3408 hi
997 3360 1128 3409 tales
1138 3360 1261 3422 jure
1284 3372 1441 3408 excu-

382 3444 581 3498 santur,
604 3437 785 3501 quibus
800 3450 969 3484 scente
988 3433 1332 3484 serviendum.
1365 3433 1441 3483 At

378 3527 483 3562 non
516 3512 612 3575 iili,
649 3512 737 3575 qui
774 3511 1061 3559 simulando
1102 3510 1319 3557 virtutes
1346 3522 1441 3572 per

381 3595 548 3638 artem
558 3588 839 3638 abutuntur
852 3587 989 3649 dolo,
1001 3585 1287 3648 falluntque
1300 3585 1441 3633 inani

381 3666 560 3731 specie
586 3664 927 3728 plebeculam,
951 3668 1010 3711 ut
1043 3660 1231 3709 famam
1255 3666 1311 3708 et
1334 3660 1443 3708 lau-

381 3741 500 3790 dem
525 3746 777 3806 quierant,
798 3740 937 3789 intus
959 3736 1257 3795 ambitione,
1279 3735 1441 3783 avari-

382 3817 459 3867 tia
503 3831 563 3865 ae
600 3814 859 3879 superbia,
880 3821 936 3863 et
968 3812 1081 3863 aliis
1111 3810 1318 3875 flagitiis
1350 3812 1438 3860 de·

382 3892 671 3943 testabiles.

444 3979 467 4006 0
497 3968 673 4016 Pmcul
692 3966 753 4015 ab
773 3965 1071 4014 emulatione
1098 3966 1319 4013 adversus
1345 3963 1435 4012 osl-

380 4041 531 4105 legus]
564 4043 803 4091 Praeerat
838 4050 961 4089 tunc
996 4041 1243 4105 Agricola
1275 4040 1437 4103 Aqui-

384 4118 559 4167 tania.
641 4116 781 4168 Quid
828 4130 955 4177 ergo
994 4116 1077 4165 ait-
1108 4114 1323 4164 'l'acitus
1370 4114 1437 4163 de

380 4190 627 4255 collegis?
675 4204 796 4243 nam
852 4202 1030 4241 omnes
1079 4190 1166 4241 alii
1207 4189 1439 4255 ejusdem

1534 1170 1818 1231 provincin
1867 1170 2088 1221 ministri
2139 1171 2234 1221 sub
2289 1171 2380 1220 illo
2435 1176 2602 1223 erant.

1536 1243 1737 1295 Censeo
1772 1245 1996 1309 collegas
2029 1246 2204 1296 vocari
2235 1248 2436 1311 legatos
2459 1247 2612 1312 alins,

1535 1324 1622 1385 qui
1645 1322 1876 1374 finitimis
1901 1324 2176 1386 provinciis
2199 1332 2476 1386 praeerant.
2513 1326 2604 1375 Pi-

1532 1400 1698 1449 chenu.

1599 1476 1758 1525 Forte
1799 1482 1855 1525 et
1885 1478 2026 1526 inter
2053 1478 2276 1541 collegas
2299 1485 2606 1543 procurato·

1532 1564 1617 1599 res
1644 1552 1890 1613 Caesaris,
1913 1553 2000 1616 qui
2029 1552 2155 1601 licet
2189 1553 2242 1601 vi
2279 1559 2338 1602 et
2376 1554 2602 1603 auctori-

1532 1631 1642 1675 tate
1679 1626 1919 1689 impares,
1959 1629 2074 1690 plus
2117 1634 2288 1677 tamen
2326 1644 2464 1693 sape
2499 1628 2596 1679 sibl

1532 1708 1799 1765 arrogant,
1839 1718 1990 1768 quam
2039 1704 2234 1753 nobiles
2291 1704 2450 1768 legati
2507 1710 2599 1755 aut

1532 1778 1881 1838 proconsules.
1919 1778 2092 1828 Multa
2115 1783 2401 1841 suppetunt
2425 1792 2598 1829 exem-

1532 1850 1616 1913 pla
1639 1849 1780 1914 apud
1815 1852 2052 1902 Tacitum
2087 1853 2205 1902 talis
2236 1854 2600 1916 aemulationis,

1530 1926 1583 1975 in
1619 1928 1875 1989 Rempub.
1914 1926 2117 1977 infestae
2157 1943 2219 1977 ac
2249 1928 2507 1992 infauste,
2541 1935 2598 1980 et

1530 2002 1585 2049 in
1620 2002 1782 2050 bonos
1803 2002 2146 2067 honestosque
2180 2016 2422 2066 proceres
2452 2016 2596 2069 supe

1530 2076 1829 2128 exitiabilis.

1597 2154 1836 2202 Adversas
1879 2152 2102 2216 vanegas]
2179 2152 2244 2201 In
2299 2153 2596 2204 universum

1532 2226 1792 2291 Agricolae
1835 2229 2098 2293 ingenium
2141 2228 2466 2292 indolemque
2505 2228 2594 2279 de-

1533 2302 1718 2351 scribit
1751 2304 2004 2365 Tacltus3
2036 2318 2135 2354 nec
2173 2304 2490 2353 solummodo
2517 2318 2596 2355 re·

1532 2376 1658 2438 fert,
1679 2392 1780 2443 qna
1803 2380 2003 2429 ratione
2027 2394 2082 2428 se
2118 2380 2339 2443 gesserit
2363 2380 2412 2428 in
2438 2378 2596 2445 Aqui-

1529 2453 1691 2515 tania,
1712 2454 1804 2503 sed
1829 2454 1984 2505 etiam
2018 2454 2107 2518 qui
2141 2469 2198 2503 se
2233 2454 2452 2517 gesserit
2473 2468 2592 2505 cnm

1528 2530 1718 2590 collegis
1737 2530 1863 2591 suis,
1883 2529 2070 2593 legatis
2101 2544 2290 2593 nempe
2311 2530 2592 2595 legionum,

1527 2620 1646 2655 cum
1683 2606 1737 2655 in
1771 2607 2046 2657 Britannia
2087 2608 2355 2670 militaret,
2389 2609 2591 2672 pariter

1524 2682 1729 2745 legatus
1755 2684 1972 2747 legionis
1997 2684 2268 2733 vicesimae.

1596 2756 1691 2805 Vel
1729 2758 1890 2807 etiam
1925 2759 2146 2821 intelligi
2181 2766 2356 2821 potest
2377 2760 2592 2811 Tacitus

1528 2830 1596 2880 de
1616 2831 1730 2879 aliis
1764 2832 1952 2893 legatis
1985 2832 2335 2896 inferioribus,
2358 2851 2448 2885 seu
2470 2836 2587 2886 aliis

1526 2906 1854 2956 senatoribus
1893 2914 1984 2957 aut
2017 2910 2375 2971 quoestoribns,
2409 2910 2498 2974 qul
2535 2911 2589 2959 in

1527 2980 1711 3029 eadem
1734 2981 2025 3043 provinciaz
2067 2996 2184 3030 nam
2216 2984 2339 3033 licet
2375 2985 2480 3034 sint
2515 2986 2590 3034 in-

1524 3052 1742 3104 feriores
1781 3062 2026 3118 rectores,
2060 3061 2289 3105 attamen
2321 3060 2376 3106 in
2405 3058 2587 3109 eadem

1522 3128 1808 3192 provinciae
1843 3130 2309 3195 administratione,
2329 3139 2385 3183 et
2415 3134 2470 3183 in
2501 3146 2589 3184 ne·

1523 3204 1699 3268 gotiis,
1721 3212 1776 3255 et
1801 3207 1854 3255 in
1875 3206 2094 3255 consilio
2117 3205 2326 3269 publico
2347 3209 2586 3274 collegoe,

1522 3286 1617 3329 aut
1639 3286 1785 3329 certe
1815 3282 1962 3345 quiesi
1997 3283 2210 3345 collegae
2247 3284 2446 3333 censeri
2469 3298 2586 3349 pos-

1521 3361 1660 3405 sunt.
1725 3356 1931 3406 similes
1961 3364 2018 3406 et
2040 3358 2220 3421 legati,
2252 3359 2340 3421 qni
2373 3359 2586 3422 legioni·

1522 3430 1619 3479 bus
1643 3436 1699 3479 et
1719 3432 1874 3481 armis
1909 3440 2166 3494 praeerant
2193 3433 2246 3481 in
2281 3434 2440 3483 certis
2462 3448 2584 3499 pro·

1520 3506 1726 3567 vinciis,
1746 3520 1868 3556 cum
1897 3508 2104 3571 legatus
2124 3510 2410 3559 consularis
2428 3510 2582 3561 babe-

1520 3587 1607 3631 ret
1628 3587 1826 3632 tantum
1838 3584 2252 3646 jurisdictionem
2275 3600 2336 3635 ac
2357 3592 2583 3649 potesta·

1522 3666 1628 3709 tem
1663 3660 1716 3708 in
1759 3660 2094 3710 conventibus
2125 3667 2183 3710 et
2207 3662 2446 3724 judiciis;
2479 3674 2586 3734 tlon¹

1522 3750 1645 3785 vero
1668 3738 2026 3786 anctoritatem
2059 3739 2112 3785 in
2134 3739 2314 3787 castris
2334 3746 2425 3788 aut
2447 3752 2584 3802 prn-

1518 3811 1692 3863 sidiis:
1719 3812 1856 3877 quod
1875 3820 2138 3875 repertum
2157 3822 2270 3861 erat
2293 3828 2324 3861 a
2341 3814 2582 3877 Caligula

1518 3886 1569 3935 in
1594 3884 1794 3949 Africa,
1827 3886 1986 3935 exitio
2029 3888 2346 3949 privatorum
2376 3894 2432 3937 et
2455 3887 2581 3937 Rei·

1518 3962 1646 4027 pub.
1712 3961 1922 4011 Possint
1945 3964 2104 4013 etiam
2131 3969 2186 4011 et
2217 3963 2316 4025 ipsi
2338 3976 2583 4026 procura-

1516 4044 1659 4087 tores
1701 4038 1920 4087 Caesaris
1955 4038 2060 4088 dici
2097 4039 2290 4100 collega
2327 4037 2581 4101 aliquate-

1516 4127 1632 4175 nus,
1655 4115 1763 4179 qni,
1783 4114 1910 4164 licet
1931 4112 2200 4163 inferiores
2237 4112 2491 4177 dignitate
2523 4114 2582 4163 et

1514 4190 1810 4257 splendore,
1825 4219 1833 4227 ·
1849 4194 2083 4241 attamen
2125 4190 2379 4254 potentia,
2411 4186 2579 4253 gratt-
