3175 4934
628 408 804 495 8734

619 549 1068 651 'uocantium‘
1095 586 1162 649 in
1187 584 1472 664 rostris}
1495 584 1651 649 binc
1694 586 2153 650 accusationes
2176 585 2545 669 potentium
2572 588 2837 649 reorum

627 692 696 752 et
725 688 1087 768 assignatae
1117 688 1314 749 etiam
1349 686 1665 750 domibus
1706 688 2098 764 inimicitiae,
2126 688 2279 751 hinc
2308 706 2655 770 procerum
2690 686 2835 751 Fae-

629 788 842 853 tiones
871 794 937 850 et
959 787 1233 850 assidua
1261 786 1546 851 Senatus
1573 786 1897 851 adversus
1926 790 2187 870 plebem
2216 791 2617 852 certamina:
2674 806 2835 869 quae

629 889 892 985 singula
935 890 1062 952 etsi
1115 888 1563 954 distrahebant
1614 889 2152 972 Rempublicam,
2188 892 2587 953 exercebant
2612 898 2839 953 tamen

630 990 892 1055 illorum
941 998 1308 1074 temporum
1347 991 1791 1074 eloquentiam
1842 998 1911 1056 et
1951 994 2261 1072 magnis¹¹
2292 990 2629 1053 cumulare
2660 1010 2839 1073 prae-

1431 438 1530 489 nn
1575 432 2057 491 olem-omnus
2084 438 2097 452 ·

629 1092 784 1155 miis
817 1089 1240 1155 videbantur:
1309 1092 1472 1175 quia
1520 1100 1767 1175 quanto
1814 1092 2097 1175 quisque
2132 1092 2283 1176 plus
2332 1092 2615 1155 diceudo
2643 1096 2841 1174 pote-

628 1198 754 1272 rat,
783 1197 966 1256 tanto
1011 1192 1278 1257 facilius
1305 1194 1593 1257 honores
1622 1196 2122 1279 assequebatur,
2152 1200 2337 1258 tanto
2366 1195 2601 1275 magia,
2626 1195 2701 1256 in
2730 1194 2839 1276 ip-

632 1294 732 1359 sis
758 1294 1147 1372 honoribus,
1177 1294 1470 1377 collegas
1493 1314 1653 1360 suos
1682 1296 2035 1373 anteibat‚¹¹
2060 1300 2239 1359 tanto
2266 1295 2415 1378 plus
2440 1292 2623 1377 apud
2650 1294 2843 1377 prin-

1555 1476 1908 1497 OOOOOOOOO

631 1598 766 1651 bens
788 1598 1007 1665 Lipsius.
1053 1598 1116 1649 In
1145 1606 1276 1651 vett.
1299 1598 1420 1651 edd.
1442 1600 1773 1663 utigr-satiant.
1826 1598 2121 1653 Idem—11
2154 1598 2241 1649 Sic
2264 1596 2488 1662 Βρύας.
2540 1596 2703 1647 Priaa
2722 1604 2845 1649 erat

1624 1746 1847 1798 NOTAE

693 1866 716 1893 ⁰
745 1858 896 1911 Paeae
923 1858 1318 1925 prudentiam]
1349 1859 1544 1911 Eadem
1568 1859 1696 1923 tigu·
1778 1861 1846 1911 rit
1868 1860 2059 1925 prioris
2100 1858 2287 1909 electio
2328 1856 2556 1907 consulis
2588 1854 2849 1905 describit

629 1946 691 1985 ra
708 1928 928 1987 maarai
944 1936 1161 1985 admi
1197 1936 1490 1985 dicuntura
1511 1932 1699 1985 Petro·
1774 1936 2041 1998 eleganter
2075 1935 2335 1984 Ausonius
2358 1934 2410 1981 in
2448 1932 2737 1996 gratiarum
2762 1946 2849 1980 ac-

630 2014 718 2063 nio
753 2018 809 2063 et
845 2012 1044 2061 Seneca
1079 2012 1132 2061 in
1167 2013 1300 2061 libro
1332 2012 1402 2061 de
1439 2012 1699 2062 brevitate
1778 2012 1919 2060 tione
1960 2026 2056 2076 pro
2110 2011 2377 2059 consulatu
2422 2008 2489 2055 ad
2532 2008 2847 2058 Gratiam·

1777 2086 2139 2150 imperatorem
2162 2102 2175 2134 ε
2210 2088 2225 2114 ‘
2249 2086 2381 2134 Cum
2402 2084 2546 2147 prior
2576 2082 2851 2131 renuntia-

1774 2168 1859 2212 tus
1881 2162 1996 2224 οἰι,
2028 2162 2154 2212 satis
2176 2168 2259 2213 est
2303 2168 2445 2211 tuum
2478 2167 2661 2208 tenere
2700 2158 2850 2223 judi·

1774 2240 1931 2287 ciuiu.
1996 2238 2323 2301 hterpretes
2334 2236 2507 2285 valete
2518 2234 2851 2285 meritorum.

1776 2312 1963 2377 Neque
1994 2320 2167 2362 autern
2206 2326 2320 2373 ego,
2358 2310 2711 2360 sacratissime
2748 2309 2851 2357 in·

635 2088 759 2139 vito
780 2104 795 2137 z
831 2089 848 2116 ‘
869 2088 1012 2139 Quos
1033 2103 1063 2137 a
1081 2086 1326 2149 basilica,’
1355 2088 1544 2151 inquit,
1571 2089 1588 2116 ⁶
1606 2089 1699 2139 im-

629 2162 776 2213 missi
819 2162 1026 2212 demum
1069 2177 1227 2212 canes
1268 2160 1524 2227 ejiciunt?
1610 2164 1701 2213 Pu·-

633 2240 802 2289 then.

697 2318 714 2347 ⁸
747 2316 959 2380 Rostris]
1011 2314 1220 2378 Rostra,
1239 2322 1508 2377 suggestus
1529 2322 1647 2365 erat
1666 2330 1697 2365 e

631 2392 812 2441 rostris
845 2394 1052 2442 navium
1089 2392 1400 2453 Antiatium,
1421 2397 1574 2442 eraut
1606 2393 1699 2441 du-

627 2466 809 2531 plicia,
827 2474 1004 2517 vetera
1023 2475 1080 2517 et
1093 2482 1240 2517 nova.
1297 2468 1469 2518 Vetera
1483 2467 1699 2517 fuerunt

632 2552 756 2591 ante
795 2542 1003 2591 Curiam
1051 2542 1330 2591 Hostiliam
1369 2540 1421 2591 in
1442 2542 1558 2593 foro
1594 2542 1697 2593 no-

587 2674 594 2683 ·
627 2632 800 2683 mano,
841 2625 896 2667 et
935 2619 986 2667 in
1033 2618 1239 2668 Octava
1282 2620 1490 2679 regione
1514 2620 1695 2669 Romae

629 2692 874 2756 antiquie.
941 2691 1082 2741 Nm
1125 2693 1190 2741 ad
1239 2693 1430 2743 Palatii
1471 2695 1693 2745 radices.

631 2766 954 2817 Ferebantur
997 2775 1168 2813 autern
1205 2768 1260 2813 in
1303 2768 1482 2813 rostris
1525 2770 1693 2829 leges,

626 2842 906 2893 conciones
918 2840 1256 2901 habebantur,
1277 2843 1377 2890 dre.
1447 2838 1696 2891 {tillem-oa.

693 2924 719 2953 ⁸
749 2918 1004 2991 Anteibot]
1034 2918 1159 2966 Seii.
1183 2924 1274 2966 aut
1295 2918 1416 2981 quia
1435 2915 1487 2966 bi
1511 2916 1695 2967 diserti

627 2993 853 3057 majores
910 2994 1307 3057 superioresque
1359 2992 1695 3055 magistratus

630 3070 946 3129 obtinerent,
971 3074 1062 3117 aut
1084 3068 1334 3116 maturius
1374 3073 1430 3117 et
1461 3068 1697 3131 juniores

630 3146 964 3211 eligerentur,
985 3153 1072 3193 aut
1097 3152 1242 3194 certe
1267 3145 1384 3211 qnia
1418 3145 1470 3194 iu
1513 3146 1695 3196 iisdem

625 3222 924 3282 bonoribus,
976 3219 1227 3269 aedilitate
1264 3234 1314 3267 ν.
1361 3236 1412 3283 g.
1449 3229 1701 3287 proetura,

629 3303 722 3348 aut
755 3298 1020 3347 consulatu
1059 3294 1255 3359 priores
1287 3296 1696 3362 designarentur,

629 3378 688 3421 et
725 3372 890 3435 major
922 3372 1082 3421 bonos
1119 3369 1224 3419 fuit
1255 3372 1330 3421 sic
1351 3372 1487 3435 eligi.
1555 3374 1693 3423 Nam

625 3446 717 3511 qui
759 3446 954 3510 primus
997 3448 1174 3496 consul
1215 3446 1515 3510 designatus
1557 3457 1695 3509 erat,

625 3518 717 3571 ille
763 3523 932 3587 primo
972 3536 1148 3571 mense
1184 3520 1351 3571 fasces
1389 3530 1446 3571 et
1483 3520 1695 3573 lictores

625 3596 829 3663 babuit,
867 3607 922 3647 et
965 3600 1128 3662 major
1159 3600 1338 3648 consul
1376 3598 1693 3661 vocabatur3

625 3679 686 3723 et
706 3676 852 3738 quasi
895 3673 1140 3736 repulsae,
1185 3674 1328 3738 quasi
1364 3676 1691 3724 contumelia!

623 3750 790 3799 instar
813 3748 914 3799 fuit
935 3749 1114 3797 ultimo
1131 3751 1245 3798 loco
1267 3749 1690 3813 designat-imru»-

627 3824 810 3875 sertim
835 3826 886 3872 in
907 3824 966 3871 iis
988 3824 1349 3887 dignitatibus,
1370 3840 1483 3889 qua»
1503 3826 1691 3875 multos

624 3900 956 3965 magistram»
985 3906 1241 3961 potestate
1264 3914 1416 3962 pares
1450 3900 1693 3963 habuere,

627 3977 808 4043 quales
849 3976 1052 4025 fuerunt
1091 3976 1283 4025 tribuni
1307 3976 1446 4039 pleb.
1469 3986 1526 4025 et
1569 3977 1692 4025 aedi-

623 4053 720 4103 les.
753 4054 966 4102 sueton.
1012 4053 1167 4114 vesp.
1211 4054 1261 4099 2.
1293 4050 1609 4100 ‘AEdilitatis
1633 4068 1693 4102 ac

628 4140 751 4178 ιοι
773 4137 1016 4191 praeturae
1051 4126 1374 4190 candidatus,
1411 4128 1566 4177 etiam
1589 4142 1691 4177 non

621 4212 649 4251 1
673 4213 742 4253 ne
761 4204 987 4268 repulsa,
1007 4210 1258 4271 sextoque
1278 4205 1392 4254 loco
1413 4206 1499 4255 vix
1529 4205 1687 4269 adep-

1774 2396 2004 2451 perator,
2042 2388 2093 2435 in
2138 2387 2281 2437 tenui
2328 2383 2579 2435 beneficio
2620 2382 2847 2446 gradun

1771 2464 2173 2527 nuncupationis
2205 2462 2511 2526 amplector.
2580 2459 2727 2509 Num
2764 2468 2853 2510 est

1770 2539 1884 2589 haec
1908 2539 2071 2603 gloria
2113 2541 2290 2603 ignota
2329 2536 2609 2587 Ciceroni?
2638 2534 2853 2585 Preto-

1774 2628 1886 2665 retn
1919 2628 2021 2678 me,
2058 2614 2242 2679 iuquit,
2290 2610 2509 2676 populus
2544 2608 2703 2659 Rom.
2744 2609 2851 2673 pri·

1772 2704 1911 2739 mum
1944 2688 2093 2751 fecit,
2133 2688 2394 2738 consulem
2430 2687 2673 2751 priorem.
2764 2685 2848 2735 Ex

1770 2766 1885 2828 ipsa
1903 2766 2015 2828 ejus
2048 2765 2312 2815 sententia
2340 2762 2669 2826 intelligitur,
2708 2775 2861 2811 com·

1768 2840 2115 2891 mendabilius
2132 2840 2183 2889 ei
2224 2838 2393 2887 videri
2422 2840 2533 2897 uni,
2554 2850 2709 2901 quam
2734 2837 2853 2901 plu-

1772 2916 1937 2976 ribus,
1956 2931 2073 2965 esse
2096 2914 2450 2979 praepositum.
2520 2912 2679 2961 Nulla
2700 2910 2847 2961 enim

1772 3000 1853 3042 est
1894 2992 2102 3056 quidem
2135 2990 2448 3041 contumelia
2476 2988 2713 3051 secundi,
2748 2986 2847 3038 sed

1772 3081 1835 3116 ex
1894 3068 2097 3117 duobus
2152 3068 2317 3131 gloria
2370 3080 2557 3129 magna
2610 3066 2853 3129 pruziam·

1773 3141 2061 3191 Alexandri
2080 3141 2380 3192 Macedonis
2397 3143 2491 3189 boc
2512 3140 2702 3204 fertur,
2724 3156 2849 3193 cun

1774 3220 1986 3283 legisset
2008 3220 2124 3269 illos
2154 3220 2457 3269 Homericos
2496 3233 2697 3283 versus,
2734 3220 2849 3285 qui-

1775 3295 1888 3357 bus,
1932 3294 2165 3347 Hectore
2209 3302 2545 3358 provocante,
2584 3308 2617 3342 e
2655 3308 2851 3345 nova-

1772 3368 2009 3429 ducibus,
2048 3370 2136 3435 qui
2170 3386 2345 3419 omnes
2390 3383 2621 3434 pugnare
2663 3371 2851 3435 cupie-

1772 3446 1915 3508 bant,
1954 3462 2105 3497 nuum
2128 3448 2287 3513 deligi
2312 3448 2541 3511 placeret
2686 3448 2849 3499 Oed-

1773 3521 1969 3584 derem,
2002 3524 2185 3589 inquit,
2222 3524 2362 3573 illum
2382 3538 2389 3545 ⁸
2408 3525 2494 3587 qui
2520 3539 2601 3571 me
2626 3524 2849 3574 tertium

1772 3599 2097 3648 nominasset.
2162 3598 2211 3647 Ο
2236 3600 2717 3663 magnanimitatem
2738 3596 2851 3649 for·

1774 3672 1957 3723 tissimi
1994 3674 2107 3723 viri.
2174 3672 2447 3723 Nominari
2490 3674 2630 3721 inter
2648 3687 2847 3723 noveru

1770 3748 1956 3797 tertius
1977 3749 2275 3805 recusabat,
2310 3748 2399 3798 ubi
2436 3756 2584 3797 certe
2607 3746 2851 3811 pluribus

1772 3826 2128 3875 antecelleret.
2147 3840 2301 3889 quam
2321 3826 2571 3874 subesset.
2628 3826 2851 3876 Quanta

1772 3898 1857 3948 bic
1896 3900 2209 3951 verecundia
2240 3912 2543 3963 gravaretur
2580 3902 2849 3964 posterius·

1773 3976 1839 4026 de
1862 3978 2092 4028 duobnsl
2132 3979 2227 4027 Est
2248 3982 2381 4028 enirn
2417 3980 2467 4027 ia
2490 3980 2587 4027 hoc
2624 3994 2851 4029 numero

1772 4056 1941 4102 ardua·
1969 4056 2119 4118 plena
2142 4055 2456 4118 dignationis
2487 4056 2699 4117 elei-tio,
2722 4070 2847 4106 cun

1772 4131 2025 4181 universis
2067 4132 2371 4181 mortalibus
2426 4131 2529 4179 duo
2573 4134 2659 4196 qui
2707 4132 2845 4183 fiant

1768 4208 2024 4269 eonsules,
2076 4206 2437 4271 preferuntur.
2524 4208 2629 4260 Qui
2682 4208 2849 4259 alteri

629 4282 716 4326 tas
743 4277 875 4347 est-⁹⁸
925 4280 1139 4333 Quanta
1177 4278 1343 4345 gloria
1383 4280 1685 4345 precellue-
1762 4282 2105 4346 preponitur,
2124 4296 2227 4333 non
2236 4283 2344 4348 nni,
2362 4280 2455 4332 sed
2488 4280 2731 4333 omnibns
2754 4297 2855 4335 an·
