3175 4934
1336 392 1513 460 3631

719 685 851 751 DE
894 679 1523 749 ORATORIBUS
1574 676 2156 744 DIALOGUS.¹⁸

392 862 419 907 1
456 855 540 906 Ad
559 853 764 906 titulum
792 855 931 920 qnod
950 856 1161 918 attinet,
1180 855 1231 904 iu
1252 855 1381 903 Mas.
1396 852 1571 902 Vatic.
1590 852 1864 902 Brotierus
1883 853 2020 901 hunc
2039 851 2234 915 reperit
2255 867 2268 902 ε
2305 851 2362 900 C.
2385 851 2530 903 Cora.

329 921 483 970 Taciti
498 922 717 982 dialogus
734 923 793 968 de
816 921 1115 969 Oratoribus.
1163 920 1263 970 Ed.
1290 919 1531 983 princeps
1548 919 1652 967 ita:
1693 918 1907 966 Cornelii
1935 918 2090 966 riu-iri
2115 917 2316 980 Equitis
2328 915 2534 966 Romani

321 987 539 1047 dialogus
573 989 631 1034 de
668 985 952 1034 Oratoribus
986 987 1145 1034 elaris.
1210 985 1417 1033 Puteol.
1456 991 1513 1032 et
1550 983 1676 1031 Ber.
1704 983 1914 1030 Cornelii
1937 982 2092 1030 Taciti
2115 982 2310 1044 Equiti:
2327 980 2536 1032 Rom

322 1050 554 1113 dialogum,
574 1067 637 1099 aa
653 1050 729 1098 sai
746 1051 905 1098 soecidi
925 1056 1134 1099 oratores
1153 1048 1497 1112 antiquioribus
1516 1052 1563 1096 et
1582 1062 1726 1110 quare
1743 1049 2008 1096 comdant.
2043 1045 2226 1098 Oberl.

1326 1179 1539 1230 NOTAE

388 1301 412 1327 ⁸
432 1295 691 1358 Dialogus]
724 1295 883 1346 Hunc
900 1295 1155 1360 dialogum
1172 1294 1259 1343 vix
1274 1309 1387 1344 cre·

322 1369 541 1421 diderint
558 1387 667 1420 esse
680 1373 869 1433 Taciti,
882 1385 1166 1438 quanquam
1184 1379 1385 1431 auctor,

322 1447 554 1512 quisquis
574 1447 603 1496 s
600 1449 675 1498 uit
703 1449 813 1512 ejus
838 1447 1173 1498 eruditissimi
1190 1447 1388 1509 soeculi,

322 1528 567 1584 testatur,
586 1537 640 1571 se
654 1523 1107 1572 disertissimorum
1124 1520 1385 1570 hominum

325 1613 613 1648 sermonem
627 1605 886 1664 repetere,
903 1613 1055 1664 quem
1067 1597 1277 1663 juvenis
1296 1597 1385 1646 ad-

323 1674 533 1723 modum
570 1675 843 1736 audiverit,
889 1677 905 1704 ‘
929 1675 1111 1725 iisdem
1156 1673 1386 1724 numeris

324 1750 607 1815 iisdemque
642 1751 921 1800 rationibus
940 1751 971 1812 ;’
1004 1759 1063 1801 ut
1102 1751 1275 1816 potins
1312 1750 1387 1799 lo·

326 1826 412 1891 qui
430 1827 543 1876 illos
560 1827 698 1890 ipsos
712 1828 881 1878 lector
897 1828 1087 1878 debeat
1102 1825 1387 1890 imaginari,

326 1917 477 1967 quam
518 1917 634 1952 eum
656 1904 743 1967 qui
776 1903 1101 1966 conscripsit.
1164 1901 1302 1950 Sane
1325 1899 1387 1948 fit

326 1977 411 2026 liic
444 1978 459 2005 ⁶
484 1978 603 2026 anni
626 1979 778 2028 sexti'
810 1979 1005 2028 mentio
1038 1979 1053 2006 ‘
1080 1976 1389 2041 Vespasiani

322 2055 643 2118 principatus
664 2059 697 2116 ;’
748 2070 850 2118 quo
894 2063 1123 2120 tempore
1173 2055 1389 2118 juvenis

326 2129 425 2180 suit
456 2130 731 2180 admodum
754 2131 977 2181 Tacitus.
1042 2133 1129 2181 Fit
1161 2139 1217 2182 et
1247 2147 1389 2182 men-

324 2207 401 2257 tio
422 2211 437 2236 ‘
464 2207 710 2270 Matiani,
726 2215 1127 2272 senatorumque
1148 2209 1391 2273 eloquen-

327 2283 456 2332 tium
477 2283 625 2346 Eprii
650 2284 889 2333 Marcelli
924 2298 984 2334 ac
1006 2285 1175 2346 Crispi
1196 2283 1336 2332 Vibii
1356 2283 1389 2332 τ’

326 2373 543 2423 quorum
580 2373 786 2423 quoque
820 2359 1055 2408 meminit
1088 2359 1297 2408 Tacitus
1336 2360 1389 2408 in

322 2435 471 2484 libris
488 2434 783 2484 Annalium.
852 2436 967 2484 Nec
986 2435 1169 2486 ,Iustus
1184 2434 1393 2498 Fabius,

327 2511 409 2560 cui
452 2511 751 2560 inscribitur
798 2511 897 2560 hoc
950 2511 1270 2575 opusculum,
1324 2525 1393 2560 ex

325 2585 487 2634 Plinii
509 2586 741 2649 epistolis
763 2586 969 2650 ignotus
986 2593 1083 2634 est.
1135 2587 1238 2635 Sed
1256 2585 1390 2635 baud

326 2675 411 2710 me
435 2663 567 2711 latet
588 2662 745 2710 etiam
764 2663 901 2724 apud
917 2670 1121 2712 veteres
1146 2667 1247 2710 tam
1267 2669 1391 2726 apte

324 2736 625 2800 conscripta
637 2737 871 2801 quiedam
887 2751 1019 2798 esse,
1028 2744 1089 2786 ut
1100 2737 1395 2800 antiquiora

326 2814 495 2863 videri
526 2821 737 2880 queant,
768 2829 919 2879 quam
940 2821 1080 2864 sunt.
1144 2814 1393 2877 Suspicor

326 2893 359 2944 J
364 2892 519 2942 ulium
538 2895 695 2942 istum
712 2893 1011 2942 Secundum
1028 2900 1084 2941 et
1099 2891 1176 2939 M.
1193 2889 1392 2953 Aprum

327 2969 730 3030 Maternumque
750 2966 933 3015 Gallos
966 2965 1123 3015 fuisse
1156 2979 1187 3014 e
1223 2964 1394 3014 Gallia

325 3043 547 3107 Togata,
604 3055 717 3105 quaa
772 3041 921 3089 ltalia
984 3039 1244 3102 Cisalpina
1294 3046 1393 3088 est.

330 3118 466 3168 Nam
488 3117 565 3166 sic
588 3115 776 3167 alicubi
799 3114 929 3165 dicit
952 3113 1117 3178 Aper,
1150 3115 1392 3165 ‘Quotus

329 3195 547 3258 quisque
570 3206 687 3241 cum
710 3207 774 3239 ex
792 3191 1047 3254 Hispania
1068 3191 1149 3239 vel
1166 3191 1308 3254 Asia,
1328 3205 1394 3240 ue

328 3267 453 3332 quid
491 3267 559 3317 de
594 3267 763 3316 Gallis
796 3267 985 3316 nostris
1016 3267 1302 3330 loquamur,
1340 3267 1393 3314 iu

330 3343 509 3393 urbem
530 3343 691 3404 venit,
724 3343 947 3392 Saleium
980 3344 1195 3392 Bassum
1222 3343 1393 3408 requi-

330 3419 444 3468 riti'
477 3419 645 3468 Paulo
676 3426 793 3481 post
824 3419 979 3480 idem,
998 3418 1014 3445 ‘
1038 3419 1087 3466 in
1120 3418 1397 3468 Britannia

328 3492 484 3544 fuisse
536 3494 685 3544 sese.'
738 3495 1017 3544 Rhenum.
1094 3495 1209 3544 Hoc
1262 3511 1393 3559 opus

330 3571 511 3620 Tacito
528 3572 701 3634 potius
718 3571 1027 3620 asseruerim
1044 3586 1197 3636 quam
1214 3571 1397 3634 Fabio,

334 3653 541 3696 secutus
572 3661 673 3696 non
706 3647 859 3696 modo
880 3645 1157 3710 Pomponii
1192 3647 1395 3709 Sabini,

333 3723 425 3774 sed
458 3729 513 3774 ct
548 3725 772 3774 omnium
813 3725 1187 3788 exemplarium
1222 3721 1395 3773 fidem.

334 3798 454 3848 Nec
478 3815 559 3849 me
574 3800 688 3862 jam
722 3801 842 3863 styli
864 3801 997 3857 ratio
1022 3815 1185 3864 usque
1205 3815 1267 3848 eo
1293 3814 1394 3849 mo-

331 3885 441 3940 vet,
462 3891 579 3926 cum
598 3878 754 3926 sciam
775 3893 866 3942 pro
884 3886 1043 3930 aetate
1057 3878 1213 3928 facile
1237 3893 1397 3941 genus

336 3951 543 4002 dicendi
566 3952 753 4000 mutari
772 3969 785 4000 ε
820 3959 877 4001 et
894 3955 1033 4017 quod
1049 3953 1397 4003 adolescentis

336 4024 441 4076 fuit
471 4027 669 4088 laetum,
700 4026 980 4090 luxurians,
1020 4028 1297 4092 profluens,
1333 4045 1395 4079 ac

335 4101 573 4152 floridum
590 4119 606 4163 3
641 4103 778 4152 senis
796 4101 909 4152 fieri
928 4105 1207 4166 concisum,
1222 4106 1399 4167 breve,

340 4193 515 4243 grave,
547 4179 791 4243 sobrium,
825 4194 887 4228 ac
922 4189 1207 4230 maturum:
1243 4182 1397 4246 quale

338 4253 501 4320 ipsius
528 4255 803 4307 Annalium
842 4262 900 4307 et
936 4255 1261 4308 historiarum
1298 4263 1399 4323 est,

1471 1291 1537 1342 ad
1586 1307 1703 1357 (με
1747 1290 2023 1342 scribenda
2071 1291 2180 1356 jam
2236 1303 2394 1340 senex
2437 1290 2534 1342 aab

1468 1372 1648 1422 Nerva
1669 1371 1894 1421 animum
1917 1370 2136 1434 appulit.
2173 1370 2402 1420 Pithaeus.
2467 1369 2536 1420 In

1466 1447 1544 1497 bis
1568 1449 1721 1498 Notis
1743 1463 1806 1497 ea
1846 1448 2030 1496 saltem
2055 1453 2281 1509 tangam,
2317 1459 2546 1510 quorum-

1469 1524 1551 1575 vel
1584 1523 1798 1588 insignis
1834 1523 2089 1573 correctio
2127 1528 2227 1582 est,
2264 1523 2348 1570 vel
2373 1519 2536 1570 ambi-

1466 1615 1585 1664 gua.
1653 1600 1874 1664 Reliqua
1895 1605 2106 1661 recepta
2133 1597 2185 1645 in
2207 1601 2550 1657 contextum,-

1466 1675 1592 1725 satis
1615 1675 1684 1724 sit
1705 1675 1864 1724 verbo
1891 1673 2006 1737 jam
2039 1687 2174 1722 nunc
2207 1670 2548 1735 praedlxisse,·

1468 1767 1498 1802 e
1544 1750 1846 1800 Farnesiani
1899 1749 2016 1799 libri
2064 1749 2167 1797 fide
2211 1762 2359 1807 esse;
2415 1761 2532 1796 nam

1466 1827 1736 1877 Vaticanis
1758 1827 1956 1875 aberat.
2023 1824 2098 1874 At
2129 1825 2194 1872 de
2227 1824 2443 1886 scripto,
2477 1827 2535 1870 et

1468 1904 1726 1967 scriptore
1774 1904 1904 1966 ipso,
1944 1913 2116 1964 panca
2149 1899 2310 1948 etiam
2347 1897 2433 1946 hic
2476 1896 2542 1946 li·-

1470 1980 1640 2029 banda
1663 1985 1798 2028 sunt.
1833 1977 2092 2039 Scriptum
2117 1989 2240 2024 sane
2265 1973 2538 2037 optimum,

1470 2057 1628 2118 stylo,
1645 2054 1962 2114 inventione,
1975 2050 2209 2115 judicio:
2246 2056 2299 2098 et
2322 2048 2462 2113 quod
2481 2048 2540 2098 in

1468 2132 1567 2181 hoc
1611 2145 1802 2194 genere
1847 2131 2130 2193 (integrum
2173 2133 2311 2175 esset
2355 2123 2536 2188 modo)

1469 2204 1708 2256 conferre
1747 2205 1871 2254 nibil
1908 2217 2094 2252 verear
2129 2216 2244 2251 cum
2291 2201 2374 2262 iis,
2417 2213 2545 2264 quae·

1470 2282 1654 2347 optimi
1676 2282 1839 2343 saecli,
1861 2287 1916 2330 et
1939 2279 2152 2343 optimae
2169 2283 2327 2326 notae.
2361 2275 2540 2338 Scrip-

1471 2363 1553 2407 tor
1575 2364 1748 2406 tamen
1769 2357 1884 2421 ipse
1916 2357 2163 2404 incertus.
2229 2353 2366 2401 Nam
2387 2351 2540 2400 Taci-

1474 2439 1583 2482 tum
1602 2431 1763 2482 fuisse
1781 2432 1868 2497 qui
1891 2430 2138 2480 credam?
2173 2429 2348 2492 Stylus
2363 2425 2550 2476 valide·

1472 2510 1674 2572 abnuit,
1693 2508 1847 2573 idque
1865 2522 1966 2556 non
1985 2505 2148 2555 fallax
2161 2505 2214 2554 in
2233 2505 2328 2553 hoc
2347 2517 2538 2566 genere

1472 2592 1829 2649 argumentum
1849 2601 1864 2632 ε
1898 2585 2065 2646 stylus
2099 2584 2152 2630 in
2180 2581 2388 2642 Tacito,
2415 2593 2539 2629 con-

1471 2663 1686 2711 strictus
1709 2661 1918 2724 ubique,
1953 2665 2112 2718 teres,
2145 2667 2346 2717 acutus,
2379 2665 2436 2706 et
2459 2669 2540 2705 se-

1470 2751 1620 2787 verus
1635 2738 1799 2800 magis
1819 2749 1972 2800 quam
1991 2734 2197 2797 lepidus
2219 2749 2232 2782 ε
2265 2733 2347 2782 bic
2369 2731 2543 2784 omnia

1472 2823 1671 2865 contra.
1739 2815 1812 2864 At
1849 2814 2036 2863 mutari
2076 2814 2118 2861 is
2155 2813 2208 2860 iu
2247 2818 2407 2861 aetate
2447 2816 2540 2860 aut

1474 2895 1777 2952 argumento
1829 2894 2022 2952 potest,
2075 2887 2327 2950 inquiunt.
2415 2886 2540 2936 Non

1473 2978 1610 3026 nego
1627 2981 1640 3014 ε
1676 2963 1766 3012 sed
1783 2977 2042 3025 uunquam
2061 2963 2136 3010 ita
2152 2969 2212 3010 ut
2227 2962 2382 3010 abeat
2398 2975 2542 3024 pror-

1424 3033 1445 3045 *
1473 3051 1557 3086 sus
1579 3053 1611 3086 a
1632 3051 1766 3086 sese.
1818 3035 2078 3099 Quicquid
2103 3035 2290 3084 Cicero
2312 3034 2543 3097 scripsit,

1474 3128 1656 3175 senex,
1685 3113 1920 3176 juvenis,
1952 3111 2286 3175 philologum,
2325 3111 2544 3174 philoso-

1474 3192 1652 3255 pbum,
1683 3191 1821 3239 iniis
1844 3197 2017 3239 tamen
2051 3189 2366 3237 lineamenta
2401 3201 2540 3251 quta-

1474 3268 1592 3317 dam
1638 3275 1894 3330 apparent
1937 3265 2053 3329 ejus
2099 3263 2194 3312 viri
2247 3271 2302 3311 et
2345 3263 2539 3313 vultus.

1473 3345 1589 3394 Nec
1611 3343 1766 3392 aliter
1785 3341 1845 3391 fit
1868 3341 1919 3389 in
1944 3340 2180 3389 omnibus
2199 3337 2363 3388 nobis.
2401 3337 2539 3388 AEta-

1474 3426 1581 3468 tem
1603 3419 1756 3467 etiam
1779 3416 1919 3479 vide,
1951 3417 1994 3464 sl
2019 3431 2119 3464 nou
2161 3422 2368 3478 pugnat.
2435 3413 2540 3464 Hic

1474 3495 1700 3557 scriptor
1731 3507 2016 3543 sermonem
2046 3493 2179 3541 huuc
2201 3491 2434 3540 habitum
2469 3489 2542 3539 in·

1476 3569 1622 3619 ducit
1661 3577 1810 3619 sexto
1845 3570 2079 3620 Flaviani
2123 3568 2326 3632 imperii
2367 3581 2535 3619 annot

1476 3649 1630 3710 eique
1652 3645 1948 3696 interfuisse
1967 3661 2022 3694 se
2043 3647 2290 3694 admodum
2299 3645 2539 3704 juvenem-

1477 3723 1750 3774 Quomodo
1775 3737 1896 3772 vero
1929 3731 2054 3771 tunc
2087 3721 2362 3770 admodum
2384 3719 2540 3782 juve-

1475 3800 1555 3848 nis
1586 3800 1814 3858 Tacitus,
1871 3801 1912 3846 si
1951 3799 2166 3846 honores
2201 3798 2359 3844 etiam
2393 3794 2541 3858 cepit

1476 3876 1569 3926 sub
1596 3876 1939 3938 Vespasiano?
1987 3875 2051 3924 Id
2075 3876 2212 3923 enim
2235 3875 2300 3922 de
2332 3889 2389 3922 se
2409 3871 2542 3922 fate-

1478 3960 1581 4012 tur,
1621 3960 1677 4001 et
1697 3951 1983 4013 dignitatem
2017 3965 2158 3999 suam
2195 3966 2226 3997 a
2257 3949 2542 4013 Vespasiano

1441 4087 1447 4094 .
1476 4028 1742 4076 inchoatam
1760 4028 1830 4076 ait
1853 4027 2196 4076 Historiarum
2215 4027 2400 4087 primo.
2433 4023 2539 4073 sed

1478 4106 1798 4166 exemplaria
1813 4104 1985 4152 omnia
1999 4103 2186 4150 Tacito
2205 4102 2386 4150 librum
2403 4101 2556 4150 bunc·

1476 4187 1728 4228 asserunt.
1815 4181 1948 4230 Quae
1985 4178 2105 4227 illa?
2161 4177 2248 4225 vix
2295 4177 2416 4226 bina
2449 4180 2541 4226 aut

1479 4260 1632 4306 terna
1650 4254 1810 4308 credo
1831 4269 1898 4306 ea
1925 4267 2039 4304 esse
2061 4253 2115 4306 in
2135 4252 2272 4304 omni
2293 4253 2504 4316 Europa
2517 4265 2536 4303 =
