3175 4934
509 353 690 424 ⁸272

1222 369 1288 422 0·
1334 370 1697 424 ommam!
1744 375 1999 425 wAct‘r!

513 517 683 581 ciem
713 516 1154 596 assimulare,¹
1195 535 1285 584 ex
1331 519 1785 604 magnitudine
1836 521 2215 588 coelestium
2266 523 2713 590 arbitranturt

1441 728 1765 750 OOOON‘OOOO

511 837 598 906 ’ῆι
635 853 918 914 Muretus„
945 851 1256 906 Brutine-2
1313 855 1508 922 Omnes
1549 855 1667 906 libri
1700 857 1893 908 habent
1936 858 2217 909 assimilare.
2298 857 2412 936 Ego
2440 851 2717 910 εικίιιιιὶοὲ

510 920 790 982 rescripsi:
841 933 960 968 cum
994 919 1147 969 hodie
1187 927 1392 970 certum
1428 921 1516 982 sit,
1549 922 1814 972 nssimilare
1852 937 1968 972 esse
2006 925 2219 974 verbum
2267 924 2429 986 nihili,
2463 923 2597 998 quod
2636 924 2715 972 in·

513 983 679 1033 scitiae
709 983 1036 1033 librariorum
1073 983 1428 1048 imperitorum
1461 984 1734 1036 debeatur.
1802 987 1871 1036 Et
1904 987 1992 1036 illa
2027 1002 2152 1036 vera
2190 989 2450 1050 scriptura
2474 1002 2587 1050 Jam
2625 993 2708 1037 est

491 1045 1058 1162 ‘R'Qffiidfflaissh
1078 1052 1734 1175 {Jiig’sss'ffaffssm'
1768 1051 1822 1164 ¹1¹·
1837 1051 1882 1165 ἑ·
1916 1065 2124 1165 “““ἐ·““
2164 1051 2415 1166 Ρωξῑὶἓῖ
2432 1050 2715 1166 ...22:³¹5

597 1126 674 1160 ru.
861 1127 892 1160 e
1333 1145 1348 1162 .
1443 1149 1458 1164 .
1690 1147 1707 1164 .
1802 1129 1837 1166 u
1874 1130 1939 1165 ex
2020 1130 2233 1179 ernegg.
2290 1130 2319 1164 a
2580 1131 2596 1164 s
2670 1131 2715 1165 s.

509 1175 756 1225 oberlin.

1505 1358 1721 1412 1⁸:0⁹1*AE

517 1485 642 1540 Dei²
703 1490 720 1518 ‘
745 1483 888 1538 Dicit
923 1487 1086 1538 etism
1131 1487 1322 1553 [Varro
1365 1489 1578 1552 nempe]

513 1566 756 1629 antiquos
805 1563 1062 1614 Romanos
1107 1566 1377 1629 plusquam
1417 1577 1576 1614 annos

517 1647 728 1691 centum
743 1646 802 1689 et
822 1639 1156 1704 septuaginta
1195 1641 1338 1691 Deos
1371 1641 1482 1690 sine
1514 1641 1582 1690 si-

512 1719 749 1768 mulacro
801 1716 1054 1766 coluisse:
1106 1717 1241 1781 quod
1297 1717 1340 1767 si
1394 1717 1580 1784 adbuc,

517 1794 706 1860 inquit,
735 1793 1032 1856 mansisset,
1060 1793 1252 1842 castius
1273 1793 1368 1843 Dii
1404 1794 1580 1843 obser-

519 1871 784 1918 varentur.
851 1869 1014 1932 Cujus
1043 1869 1316 1918 sententiae
1336 1881 1442 1919 suae
1477 1875 1579 1918 tes·

517 1947 627 1995 tem
648 1944 880 2007 adhibet,
895 1945 1038 1994 inter
1055 1950 1254 2006 cetera,
1275 1945 1579 2010 etiamgen-

517 2028 628 2070 tem
669 2019 936 2074 Judoeam:
971 2035 1070 2070 uec
1109 2020 1316 2071 dubitat
1351 2035 1468 2070 eum
1511 2022 1581 2070 lo-

521 2107 638 2147 cum
687 2098 767 2146 ita
801 2097 1131 2160 concludere,
1169 2104 1230 2146 ut
1267 2095 1439 2146 dicat:
1490 2097 1580 2161 qui

519 2174 676 2236 primi
696 2173 972 2222 simulacra
992 2173 1226 2223 Deorum
1262 2173 1468 2236 populis
1492 2186 1582 2234 po·

517 2251 751 2309 suerunt,
801 2257 891 2294 eos
942 2245 1242 2295 civitatibus
1284 2252 1341 2295 et
1381 2251 1579 2295 metum

519 2321 786 2382 demsisse,
808 2325 866 2370 et
885 2333 1114 2370 errorem
1137 2319 1396 2372 addidisse
1415 2339 1431 2372 ε
1467 2335 1585 2386 prn-

517 2397 707 2448 denter
729 2397 1050 2460 existimans,
1083 2398 1230 2448 Deos
1253 2397 1406 2449 facile
1430 2413 1582 2464 posse

520 2475 574 2523 in
593 2474 978 2524 simulacrorum
1001 2472 1264 2524 soliditate
1285 2475 1586 2525 contemni!

583 2553 602 2584 ²
634 2549 1052 2612 Nequinum}
1083 2549 1172 2599 Sic
1203 2565 1360 2615 supra
1394 2549 1461 2602 de
1493 2551 1584 2603 Ju-

521 2627 682 2677 doeis:
711 2628 728 2655 ‘
750 2625 924 2678 Judaei
947 2633 1124 2676 mente
1154 2628 1264 2676 sola
1285 2642 1442 2678 unum
1477 2628 1586 2679 Nu·

519 2715 640 2751 meu
691 2700 1011 2764 intelligunt,
1047 2701 1146 2750 etc.
1220 2701 1392 2766 Igitur
1443 2703 1586 2753 nulla

521 2777 799 2827 simulacra
834 2775 1044 2827 urbibus
1075 2776 1200 2842 suis,
1229 2777 1420 2829 nedum
1459 2786 1586 2831 tem-

519 2854 624 2917 plis
645 2851 803 2904 sunt!

589 2931 754 2995 Neque
783 2931 837 2980 in
856 2931 1004 2980 elisas
1019 2930 1212 2981 hmani
1239 2932 1336 2981 sris
1361 2929 1586 2996 speciem]

515 3005 608 3057 Sic
629 3007 786 3056 etiam
817 3020 1006 3070 supra:
1041 3007 1058 3036 ⁴
1081 3005 1350 3072 Profanos,
1368 3008 1456 3073 qui
1476 3009 1585 3058 De-

522 3095 610 3131 um
643 3082 893 3145 imagines
927 3082 1230 3134 mortalibus
1268 3085 1500 3134 materiis
1529 3084 1586 3135 in

522 3159 723 3222 species
744 3158 1002 3208 bominum
1032 3157 1316 3223 effingunt)
1379 3161 1484 3209 Sed
1509 3167 1586 3211 ta-

522 3249 644 3283 men
674 3234 786 3283 alia,
817 3232 1093 3282 simulacra
1128 3233 1254 3283 dare
1293 3235 1412 3284 Diis
1445 3235 1586 3285 vide·

523 3309 716 3359 bantur
777 3306 1219 3386 Germaniylicet
1269 3310 1320 3358 in
1369 3310 1587 3362 hominis

523 3383 754 3447 speciem
776 3395 880 3431 non
901 3381 1265 3433 assimilarent.
1309 3384 1393 3434 Sic
1416 3390 1471 3435 et
1489 3387 1588 3451 Ly-

523 3471 686 3521 curgo
724 3469 815 3506 seu
837 3457 1244 3508 Lacedaemoniis
1283 3468 1588 3525 usurpatum

523 3536 668 3597 olim,
691 3533 935 3597 unusque
961 3531 1088 3584 ficta
1107 3535 1247 3597 apud
1270 3550 1359 3586 eos
1380 3537 1464 3586 vel
1481 3537 1587 3601 pie-

524 3615 582 3661 ta
615 3609 784 3672 imago
819 3609 944 3659 fuit:
988 3609 1184 3675 quippe
1205 3611 1464 3662 bominum
1497 3619 1587 3663 aut

525 3685 816 3738 animalium
839 3686 1040 3748 species
1072 3685 1190 3736 Diis
1218 3687 1380 3738 tribui
1400 3689 1584 3740 vetuit.

523 3761 798 3824 Templum
821 3775 966 3824 vero,
986 3759 1038 3809 in
1061 3774 1162 3826 quo
1185 3763 1473 3827 colebatur,
1495 3763 1586 3814 de-

524 3849 681 3900 super
722 3843 904 3898 patens
946 3833 1182 3887 foramen
1223 3837 1422 3899 habuit,
1466 3840 1588 3904 quia

525 3910 670 3962 nefas
691 3910 973 3974 duxerunt,
994 3911 1284 3963 Tei-minum
1302 3916 1475 3965 Deum
1497 3929 1585 3979 pa-

526 3991 602 4042 cis
642 3995 698 4040 et
731 3989 958 4054 justitiae
1001 3991 1271 4041 custodem
1309 3993 1400 4043 sub
1441 4001 1585 4044 tecto

527 4065 779 4132 conspici.
843 4064 934 4114 Sic
971 4065 1114 4128 Jovi,
1155 4065 1287 4129 Soli,
1322 4067 1486 4118 Lunae
1529 4077 1588 4119 et

529 4141 646 4190 Deo
673 4140 840 4206 Fidio,
875 4140 928 4190 in
951 4147 1136 4206 aperto
1169 4141 1361 4192 mundo
1397 4144 1593 4207 templa

528 4215 802 4280 hypatius
815 4223 872 4270 et
886 4216 984 4270 sub
999 4215 1088 4268 dio
1105 4223 1309 4270 veteres
1325 4223 1592 4270 exstruxe-

1660 1503 1735 1554 re,
1756 1495 1855 1542 ‹itc-
1922 1491 2077 1557 Apud
2098 1491 2291 1543 Persas
2324 1493 2464 1543 nulla
2484 1492 2727 1544 dicaban-

1660 1575 1745 1617 tur
1790 1569 1987 1632 templa
2026 1569 2179 1619 Diis:
2233 1570 2352 1635 qnia
2396 1585 2511 1620 cum
2550 1571 2723 1621 Solem

1661 1645 1978 1708 praecipuum
2000 1645 2207 1696 Numen
2230 1652 2286 1695 et
2306 1649 2539 1696 Deorum
2564 1645 2723 1696 maxi·

1658 1731 1799 1768 mum
1822 1720 2015 1782 colant,
2051 1720 2297 1770 mundum
2334 1723 2625 1772 universum
2648 1721 2729 1776 illi

1664 1793 1911 1857 templum
1934 1808 2049 1844 esse
2072 1794 2336 1846 dixerunt.
2706 1861 2711 1866 β

1729 1871 1893 1932 Neque
1932 1869 1987 1918 iu
2026 1871 2175 1920 allam
2199 1871 2510 1935 ...φα-ἔω]
2562 1868 2649 1921 Sic
2672 1878 2728 1922 et

1662 1944 1865 1996 Plutnr.
1888 1945 1955 1994 de
1976 1946 2236 1996 veteribus
2270 1947 2511 1996 Romanis
2541 1946 2593 1996 in
2616 1947 2730 1998 Nu-

1657 2035 1779 2070 >mat
1816 2023 1831 2050 ‘
1854 2021 1985 2073 Quae
2026 2021 2093 2072 de
2130 2021 2419 2072 simulacris
2442 2029 2563 2071 sunt
2592 2037 2729 2086 proe·

1659 2097 1876 2160 scripta,
1930 2111 1994 2145 ea
2037 2111 2247 2160 prorsus
2292 2103 2517 2162 cognata
2568 2105 2626 2147 et
2663 2097 2733 2146 si·

1659 2171 1803 2221 milia
1853 2174 2137 2235 preceptis
2170 2173 2525 2237 Pythagoran
2559 2187 2727 2239 neque

1660 2247 1799 2295 enim
1828 2247 1917 2295 ille
1946 2247 2085 2311 quod
2127 2248 2347 2312 primurn
2382 2257 2437 2299 et
2474 2257 2726 2300 summum

1660 2327 1765 2381 est,
1788 2322 2051 2387 sensibile,
2074 2331 2165 2374 aut
2198 2325 2437 2387 passibile
2464 2325 2733 2390 censebat,

1659 2397 1815 2446 immo
1872 2397 1923 2446 id
1970 2398 2229 2448 invisibile
2270 2404 2324 2450 et
2370 2401 2726 2451 intellectuale

1662 2484 1891 2534 prorsus,
1913 2487 1975 2520 ae
1999 2473 2153 2521 nullis
2176 2476 2383 2538 templis
2406 2475 2599 2524 includi
2618 2489 2733 2542 pos-

1664 2559 1721 2595 se
1742 2546 2077 2598 existimavit.
2124 2549 2193 2598 Et
2215 2564 2341 2600 vero
2366 2551 2538 2601 Numa
2562 2551 2733 2602 vetuit

1667 2621 1775 2671 Dei
1828 2623 2105 2686 imaginem
2153 2627 2324 2688 putari
2378 2642 2411 2675 a
2481 2627 2729 2678 Romanis

1664 2697 1886 2748 similem
1908 2713 2017 2748 esse
2039 2699 2280 2760 hominis,
2319 2708 2411 2750 aut
2444 2703 2731 2764 cujuspiam

1664 2774 1978 2825 animalium.
2046 2775 2235 2841 Neque
2272 2783 2418 2824 certe
2461 2775 2564 2824 fnit
2606 2777 2728 2825 olim

1666 2851 1806 2915 apud
1828 2851 1943 2901 illos
1966 2850 2074 2901 ulla
2108 2850 2328 2901 numinis
2349 2849 2547 2914 effigies
2573 2853 2732 2915 picta,

1668 2933 1761 2977 aut
1780 2928 2005 2991 sculpta,
2026 2927 2106 2976 vel
2128 2925 2255 2976 ficta
2276 2941 2602 2993 quocumque
2623 2941 2731 2977 mo·

1666 3004 1758 3070 do,
1780 3005 1871 3056 sed
1894 3019 1991 3068 per
2004 3005 2195 3068 primos
2216 3011 2429 3054 centum
2448 3011 2503 3055 et
2525 3012 2737 3069 septua-

1665 3081 1813 3145 ginta
1834 3094 2011 3142 annos,
2046 3081 2134 3144 qui
2157 3079 2491 3132 nidificabant
2516 3081 2733 3144 templa,

1666 3163 1761 3206 aut
1780 3156 2007 3205 sacraria
2039 3153 2329 3215 struebant,
2364 3155 2417 3202 in
2438 3155 2515 3202 his
2536 3157 2731 3204 nulium

1664 3230 1992 3280 simulacrum
2030 3228 2083 3277 in
2116 3227 2335 3278 formam
2356 3243 2731 3294 quamcumque

1667 3304 2077 3355 adumbrabant:
2125 3309 2393 3368 tanquam,
2434 3305 2545 3356 scil.
2586 3303 2733 3356 nefas

1668 3388 1726 3431 et
1746 3381 1959 3444 impium
1978 3385 2119 3430 esset
2135 3380 2419 3430 assimilare
2438 3382 2651 3432 meliora
2666 3393 2733 3432 ae

1670 3456 1969 3521 potentiora
2022 3455 2286 3522 pejoribus
2344 3456 2735 3508 infirmioribus-

1670 3545 1805 3596 que:
1840 3539 2087 3597 tauquam
2116 3532 2431 3596 impossibile
2452 3531 2591 3582 foret
2614 3547 2735 3583 con·

1667 3608 1863 3672 cipere,
1901 3609 2219 3672 exprimere,
2258 3613 2352 3657 aut
2392 3609 2735 3670 comprehen-

1668 3684 1794 3735 dere
1812 3685 2018 3735 Numeu
2040 3685 2210 3745 aliter,
2243 3698 2394 3748 quam
2416 3685 2524 3735 sola
2542 3677 2739 3754 menffe,

1668 3759 1883 3823 soloque
1904 3757 2214 3810 intellectu.'

1736 3835 1797 3883 Ia
1816 3835 1961 3883 ullam
1976 3870 1991 3884 .
2009 3869 2022 3883 .
2037 3833 2284 3897 speciem]
2340 3833 2581 3888 Lactant.
2604 3837 2641 3886 1.
2666 3847 2737 3888 ιι.

1667 3911 1684 3941 ⁴
1712 3911 1833 3972 Dei,
1870 3911 2021 3974 cujus
2042 3909 2254 3973 spiritus
2276 3923 2339 3960 ac
2379 3911 2587 3963 Numen
2624 3913 2737 3963 ubi·

1670 4001 1773 4053 que
1816 3984 2075 4045 diffusum,
2118 3985 2299 4036 abesse
2344 4001 2599 4055 nunquam
2646 4003 2735 4054 po·

1670 4069 1796 4126 test,
1838 4077 2047 4126 semper
2078 4061 2267 4127 ubique
2300 4063 2471 4130 imago
2492 4077 2735 4130 superve-

1670 4153 1771 4192 cua
1790 4138 1909 4189 est-⁹
