3175 4934
1232 369 1560 420 mALocu
1572 359 1634 418 δ’.

2360 345 2562 438 3638.

1298 591 1528 645 ΝΘΤΕ

332 707 597 760 Cornelio.
656 705 763 758 Sed
784 710 930 757 certe
967 703 1284 770 Pomponius
1304 704 1391 754 ilie

334 783 717 838 Grammaticus
740 781 841 834 fuit
860 781 1047 834 mediae
1076 781 1264 843 aetafis,
1284 793 1391 845 quo

329 865 568 924 tempore
598 861 710 923 jam
748 859 917 907 literae
940 857 1101 906 veluti
1123 861 1313 906 remoto
1334 863 1391 908 et

327 937 613 997 Maste,
643 948 745 1000 quo
775 935 888 998 jam
920 931 1083 984 veluti
1116 931 1393 996 fugiebant

328 1014 795 1077 e’mIescebautque
834 1011 1060 1076 egregia
1096 1015 1257 1060 artes.
1320 1011 1393 1060 Et

328 1091 417 1142 iile
458 1091 858 1152 Grammaticus,
896 1091 977 1139 vei
1017 1089 1269 1154 deceptus
1312 1093 1393 1138 est

326 1167 457 1219 hiso
478 1175 535 1217 et
548 1180 681 1216 vano
704 1167 857 1217 titulo
877 1167 1233 1230 exscriptoris,
1255 1165 1394 1231 qniod

324 1246 464 1296 idem
486 1259 627 1308 saepe
642 1243 905 1308 contingit
925 1249 981 1293 et
1010 1243 1123 1292 aliis
1146 1243 1391 1292 librorum

326 1323 515 1384 titulis,
548 1335 647 1371 nee
680 1320 859 1370 sedulo
890 1320 1117 1369 advertit
1151 1320 1393 1368 literator

325 1395 417 1448 ilie
438 1398 503 1447 ad
518 1398 707 1461 stylum
726 1401 781 1446 et
798 1396 1005 1459 genium
1020 1395 1391 1460 Taciti‚neque

325 1477 412 1526 vei
436 1476 547 1538 ipsa
570 1473 729 1524 verba
750 1473 1015 1536 utriusque
1037 1471 1281 1531 auctoris,
1302 1477 1393 1520 aut

326 1552 521 1616 ingenii
545 1559 600 1600 et
622 1549 931 1614 eloquentiae
965 1545 1247 1597 discrimen
1268 1547 1393 1597 satis

326 1627 635 1694 ponderavit
655 1645 671 1689 ;
692 1626 775 1677 vel
799 1626 875 1675 rei
893 1640 1001 1675 suae
1026 1639 1087 1674 ac
1112 1625 1388 1674 sententia

324 1703 521 1767 favens,
560 1704 827 1770 quaerebut
870 1707 1244 1765 argumentum,
1286 1715 1389 1764 quo

328 1781 545 1832 validius
568 1781 896 1839 inniteretur,
910 1792 1025 1828 cum
1046 1778 1239 1840 scripta
1248 1777 1391 1826 Mae.

326 1857 523 1906 (enatis
535 1855 854 1906 calamistros
870 1853 1174 1917 appelleret.
1191 1850 1387 1900 Amant

324 1933 401 1986 sic
424 1949 562 1997 saepe
587 1939 822 1982 auctores
848 1932 961 1980 loca
983 1929 1140 1978 allata
1162 1929 1386 1992 egregiis

326 2014 381 2061 ot
406 2009 609 2059 eximiis
648 2005 944 2058 auctoribus
982 2005 1261 2066 ascribere,
1295 2010 1389 2052 aut

324 2099 441 2136 cum
456 2083 667 2133 meliora
680 2083 941 2148 ignorant,
954 2089 1045 2130 aut
1060 2081 1181 2129 dum
1194 2078 1387 2128 vanilo-

322 2161 583 2228 quentiam
604 2173 745 2210 suam
778 2157 999 2208 fulciunt
1018 2155 1216 2220 magnis
1238 2169 1389 2218 argu-

320 2239 527 2288 mentis.
593 2237 883 2300 opponunt
910 2235 1059 2284 nobis
1081 2232 1391 2283 Grammati-

324 2315 495 2365 culum
517 2331 531 2364 ε
579 2315 826 2365 audacter
864 2313 1051 2377 dicam,
1080 2312 1121 2361 si
1160 2326 1388 2376 oppone-

325 2395 444 2440 rent
466 2383 613 2440 nobis
637 2391 805 2454 ipsum
828 2389 1087 2450 Tacitum,
1108 2389 1152 2438 si
1173 2385 1389 2438 Tacitus

320 2465 435 2531 ipse
458 2467 558 2516 hoc
596 2467 815 2530 diceret,
833 2467 1015 2516 Tacito
1042 2479 1144 2515 nou
1170 2464 1386 2515 esseuti-

326 2547 447 2591 rer:
484 2543 604 2605 quia
626 2541 734 2592 scii.
758 2543 889 2592 ratio
912 2541 1093 2606 major,
1116 2547 1173 2591 et
1194 2541 1385 2591 veritas

320 2611 435 2682 ipsa
478 2623 659 2667 eontra
702 2623 916 2682 pugnat.
997 2616 1091 2680 At,
1124 2617 1385 2682 inquiunt,

319 2695 501 2743 multe
524 2708 678 2743 voces
699 2693 851 2757 hujus
873 2692 991 2744 libri
1029 2694 1222 2754 similes
1244 2707 1385 2742 usur·

320 2775 461 2834 patae
483 2775 603 2818 sunt
622 2767 724 2832 ipsi
744 2769 943 2818 Tacito.
977 2769 1251 2834 Nugantur
1275 2769 1379 2818 illi:

318 2843 569 2895 falluntur
605 2851 663 2894 et
694 2858 788 2895 nos
812 2843 1034 2907 falluut3
1082 2845 1220 2909 quod
1242 2843 1380 2893 ciere

320 2921 497 2972 statim
535 2923 754 2986 patebit.
819 2924 891 2972 Et
914 2925 1027 2985 quis
1048 2928 1209 2987 neget
1226 2936 1382 2973 voces

320 2996 535 3048 Latinas
557 2997 763 3046 easdem
802 2997 1021 3060 reperiri
1044 3005 1099 3048 et
1122 2999 1176 3047 in
1197 2995 1385 3061 Tullio,

222 3084 235 3094 ·
320 3073 407 3140 qui
442 3079 614 3122 tamen
654 3080 775 3122 ante
812 3079 1021 3122 centum
1044 3088 1201 3124 annos
1219 3075 1384 3138 scrip-

320 3153 479 3212 serat,
502 3149 633 3196 etin
658 3147 827 3197 Plinio
856 3155 1096 3212 utroque,
1115 3157 1171 3199 et
1210 3151 1260 3198 iu
1284 3151 1383 3199 Ta·

320 3225 448 3289 cito,
466 3233 522 3275 et
545 3227 597 3274 in
622 3227 719 3274 isto
734 3225 932 3286 libello,
950 3226 1075 3274 etin
1094 3225 1206 3276 aliis
1225 3227 1384 3277 etiam

319 3301 639 3362 auctoribus,
682 3301 769 3364 qui
809 3302 961 3363 longo
993 3308 1112 3364 post
1152 3307 1386 3365 tempore

319 3374 619 3426 floruerunt.
687 3377 827 3427 Quid
864 3376 1081 3426 mirum?
1131 3379 1222 3428 sed
1269 3380 1384 3429 istus

320 3461 475 3501 voces
512 3452 657 3516 qnasi
698 3451 982 3515 dissolutus,
1014 3452 1208 3502 nuliam
1244 3455 1382 3516 paris

317 3526 507 3593 ingenii
553 3529 635 3576 vel
682 3525 939 3577 facundiae
994 3528 1381 3580 similitudinem

319 3601 557 3652 referunt
600 3612 690 3653 aut
729 3603 1044 3654 exscribunt.
1110 3603 1186 3654 At
1233 3613 1377 3655 certe

320 3679 399 3729 vis
427 3680 597 3729 dicam
640 3681 876 3742 ingenue,
898 3681 988 3744 qui
1018 3681 1145 3729 talia
1180 3679 1378 3743 dicunt,

320 3765 502 3822 aperte
520 3757 729 3820 faliunt3
755 3765 810 3808 et
828 3765 947 3807 sunt
966 3759 1275 3822 paucissima
1293 3759 1377 3808 hic

320 3833 483 3884 verba
504 3833 807 3895 hujusmodi,
828 3849 946 3898 quae
966 3835 1133 3884 Taciti
1156 3844 1379 3884 mentem

320 3921 382 3958 tc
403 3909 595 3974 stylum
622 3909 703 3956 vei
726 3911 922 3957 eminus
943 3911 1254 3959 exhibeant:
1288 3911 1380 3960 im-

320 3978 425 4046 1110,
468 3985 641 4034 dicam
680 3984 943 4044 audacius,
979 3987 1121 4036 nulla
1153 3986 1235 4036 hic
1268 4001 1380 4036 esse

320 4061 479 4111 verba
504 4076 624 4109 vere
646 4061 971 4121 Corneliana,
986 4062 1122 4124 quod
1144 4061 1233 4110 diu
1255 4076 1387 4126 *pen--

322 4137 589 4188 citavimus
614 4145 669 4187 et
689 4137 971 4186 certissime
994 4139 1245 4200 novimus,
1270 4145 1380 4188 tum

322 4227 391 4262 ex
412 4211 653 4262 familiari
692 4227 785 4261 usu
820 4219 875 4260 et
913 4211 1118 4262 assidua
1153 4211 1380 4264 lectione

451 4291 629 4360 Delph.
648 4297 697 4344 et
725 4293 843 4346 Vor-
866 4293 995 4344 ctas.

1238 4334 1247 4340 .
1336 4293 1493 4346 Tacit·

1469 703 1624 768 hujus
1647 704 1894 769 auctoris,
1917 717 2035 757 com
2055 719 2124 756 ex
2158 705 2332 758 Indice
2351 708 2537 763 ven-bos

1471 795 1585 830 rum
1607 781 1802 845 Taciti,
1825 783 1912 847 qui
1949 789 2130 834 nostra
2149 791 2280 836 cura
2294 791 2354 836 et
2374 801 2536 852 opera

1468 859 1788 922 compositus
1832 859 1972 909 hisce
2015 859 2162 909 libris
2202 861 2534 926 adjungetur.

1470 931 1575 982 Adi
1597 933 1734 984 hunc
1755 933 2000 998 iadicem,
2022 943 2077 986 et
2098 937 2238 988 clare
2261 938 2534 994 nobiseum

1472 1010 1778 1075 perspicies,
1813 1012 2004 1062 nullam
2043 1018 2158 1063 toto
2184 1015 2284 1064 hoc
2307 1015 2534 1082 dialogo,

1472 1099 1674 1148 vocem,
1709 1089 1900 1137 nullam
1941 1089 2191 1152 phrasim,
2233 1092 2534 1160 nullamque

1470 1161 1678 1212 dicendi
1699 1162 1918 1213 formam
1949 1179 2010 1215 ac
2041 1167 2268 1230 speciem
2291 1169 2536 1221 Cornelio

1471 1238 1688 1288 similem
1711 1251 1920 1302 prorsus
1945 1241 2184 1306 reperiri.
2221 1243 2350 1295 Quis
2379 1251 2550 1308 putet·

1469 1315 1735 1378 scripsisse
1767 1313 2031 1381 Tacitum,
2073 1326 2133 1368 ut
2169 1318 2390 1369 liabetur
2431 1322 2534 1374 hoe

1467 1393 1693 1456 dialogo,
1737 1391 1930 1444 Veteres
1966 1399 2018 1444 et
2053 1408 2196 1446 mes.
2261 1397 2450 1447 Novam
2483 1401 2534 1449 et
2615 1396 2626 1408 '

1464 1475 1700 1518 mentem
1735 1483 1916 1520 σαι-11111.
1983 1471 2266 1534 Negotium
2303 1477 2354 1522 et
2393 1475 2534 1526 rebus

1462 1545 1682 1598 istm.
1743 1539 1952 1598 Juveses
1965 1552 2020 1598 et
2035 1551 2362 1601 umentes.
2425 1552 2531 1602 Aa·

1462 1638 1594 1673 venoe
1613 1636 1790 1688 quoque
1815 1629 1866 1674 et
1891 1626 2154 1689 peregrini.
2219 1626 2462 1690 Imagines
2481 1633 2534 1678 et

1460 1701 1597 1751 11·Μί
1647 1707 1696 1750 et
1733 1707 1922 1753 ame.
1990 1705 2219 1755 Carmine
2252 1711 2302 1754 et
2348 1716 2530 1757 enm.

1466 1777 1676 1826 Nomi-o
1695 1783 1744 1826 et
1763 1779 1906 1829 lucos.
1971 1781 2208 1830 Memorio
2225 1795 2282 1829 oe
2313 1784 2532 1831 reeorda-

1463 1851 1611 1914 um,
1622 1858 1679 1902 et
1693 1853 1880 1903 similia
1895 1855 2082 1917 passim
2097 1855 2332 1904 omnibus
2347 1856 2496 1906 lineis
2507 1857 2537 1905 ἴ

1465 1926 1547 1976 Au
1572 1928 1900 1990 gravissimus
1941 1937 2132 1979 auctor·
2166 1930 2240 1980 sic
2278 1931 2534 1995 scripsit?

1466 2003 1614 2066 quasi
1635 2004 1790 2052 veno!
1830 2006 1946 2055 ‘Qui
1969 2005 2096 2056 talia
2115 2006 2227 2056 haec
2249 2005 2528 2074 affirment,

1466 2085 1613 2128 certe
1627 2085 1796 2144 neque
1810 2079 2215 2145 doetrinam‚aut
2231 2083 2310 2132 lec
2317 2085 2530 2148 tionem,

1465 2169 1563 2204 nec
1580 2162 1822 2220 mentem,
1836 2171 2006 2222 neque
2017 2158 2103 2208 vel
2121 2159 2296 2208 oculos
2313 2159 2529 2210 habent.

1466 2230 1652 2296 Itaque
1694 2235 1896 2297 genius,
1933 2249 2099 2299 mens,
2133 2236 2318 2299 stylus,
2356 2251 2528 2286 sermo

1465 2309 1652 2372 Taciti,
1689 2311 1858 2360 omnia
1887 2309 2143 2360 ‚abdicant
2184 2318 2240 2361 et
2283 2311 2529 2375 rejiciunt

1466 2399 1648 2435 munus
1672 2393 1728 2436 et
1749 2399 1880 2450 opus
1918 2386 2076 2449 istud,
2097 2389 2330 2452 quamvis
2352 2385 2530 2438 facun-

1462 2464 1583 2512 dum
1625 2463 1844 2514 maxime
1888 2470 1947 2514 et
1987 2463 2266 2529 egregium.
2349 2461 2527 2515 Taciti

1459 2553 1632 2590 sermo
1670 2540 1862 2604 brevis,
1898 2549 2101 2606 acutus,
2129 2556 2358 2605 pressus,
2380 2557 2528 2592 seve-

1463 2631 1567 2679 rus,
1589 2617 1782 2682 gravis,
1814 2618 2036 2681 sobrius,
2055 2625 2288 2668 maturus
2311 2634 2326 2678 ς
2362 2619 2526 2668 etiam

1463 2697 1518 2740 et
1541 2707 1682 2756 saepe
1703 2691 1970 2755 obscurus,
1984 2694 2142 2744 immo
2160 2700 2218 2743 et
2240 2691 2440 2758 (dicere
2457 2707 2525 2744 ne

1463 2765 1682 2816 audeam
1697 2763 1741 2832 ?)
1763 2767 1940 2830 durus,
1971 2768 2239 2832 abruptus,
2261 2774 2317 2818 et
2337 2768 2542 2818 incom-·

1456 2846 1565 2902 tus,
1607 2841 1734 2890 licet
1773 2841 1990 2906 validus,
2029 2843 2229 2907 firmus,
2273 2851 2330 2901 et
2371 2852 2526 2894 seusu

1460 2929 1735 2979 pregnans
1777 2925 1938 2981 'saepe
1977 2918 2142 2968 videri
2187 2919 2364 2983 possit.
2449 2921 2528 2970 At

1458 2993 1669 3056 hujusce
1709 2993 1954 3054 auctoris,
1978 2994 2272 3059 quicunque
2311 2996 2399 3057 sit,
2419 3009 2528 3044 ser·

1461 3083 1545 3118 mo
1574 3067 1858 3132 profluens,
1879 3067 2119 3132 disertus,
2151 3070 2327 3132 laetus,
2347 3083 2528 3119 venus·

1460 3152 1563 3207 tus,
1584 3143 1816 3208 floridus,
1853 3151 1910 3194 et
1933 3147 2078 3210 quasi
2118 3146 2312 3210 passim
2333 3145 2525 3196 iuxuri-

1458 3235 1569 3282 am,
1593 3235 1653 3270 ac
1667 3219 1975 3284 juveniliter
1997 3223 2252 3271 exultans.
2297 3221 2366 3270 Et
2386 3220 2524 3272 forte

1465 3295 1696 3359 dialogus
1712 3298 1810 3347 iste
1826 3299 2082 3363 antiquior
2097 3299 2384 3349 existimari
2407 3315 2526 3364 pos·

1463 3371 1547 3431 sit,
1564 3388 1717 3437 quam
1740 3380 1858 3423 sunt
1883 3375 2107 3424 historias
2123 3374 2318 3425 Taciti.
2365 3375 2523 3426 Hunc

1461 3465 1748 3500 sermonem
1793 3451 2028 3501 habitum
2073 3467 2188 3502 esse
2227 3460 2526 3518 supponunt

1454 3533 1607 3576 sexto
1629 3527 1934 3590 Vespasiani
1953 3529 2271 3592 principatus
2291 3546 2444 3594 anno,
2467 3539 2524 3584 et

1458 3604 1671 3666 scripsit
1692 3603 1908 3652 Tacitus
1933 3610 2131 3654 tantum
2154 3605 2247 3655 sub
2271 3605 2448 3655 Nerva
2469 3615 2527 3658 et

1458 3679 1702 3742 Trajano.
1770 3681 1841 3728 Et
1879 3679 1954 3728 sic
1993 3680 2226 3744 dialogus
2258 3689 2524 3733 oratorum

1458 3754 1559 3804 iste
1582 3759 1664 3806 30.
1685 3770 1933 3806 annorum
1947 3757 2115 3818 spatio
2137 3759 2372 3808 Tacitum
2393 3773 2526 3822 prie-

1460 3832 1696 3895 cesserit,
1717 3832 1852 3895 quod
1874 3834 2095 3897 spatium
2114 3835 2164 3881 in
2183 3835 2280 3884 hac
2305 3834 2526 3885 materia

1458 3907 1626 3957 videri
1649 3909 1811 3970 possit
1833 3908 2014 3972 ingens
2030 3917 2084 3958 et
2105 3911 2434 3970 immensum;
2468 3913 2526 3960 et

1458 3985 1500 4034 si
1528 3992 1738 4048 reputes
1760 3986 1948 4050 animo,
1966 3987 2018 4034 id
2045 3987 2431 4050 pronuntiatum
2453 3985 2522 4035 ab

1458 4062 1767 4124 oratoribus,
1801 4063 1887 4126 qui
1919 4063 2028 4125 jam
2065 4069 2170 4111 tum
2205 4064 2431 4112 seniores
2465 4067 2524 4110 et

1459 4137 1782 4202 antiquiores
1817 4147 1982 4199 erant,
2029 4151 2145 4187 cum
2177 4137 2524 4201 disputarent,

1456 4227 1577 4263 nam
1599 4213 1700 4263 Iste
1736 4219 1918 4266 auctor
1939 4209 2128 4276 ,iuvenis
2161 4217 2407 4267 &modum
2430 4227 2522 4264 eos
