3175 4934
1057 472 1485 537 canimus,
1530 474 1692 523 car.
1733 458 1840 523 39.

1365 688 1579 741 NOTAE

360 834 450 872 eos
492 810 688 883 heere,
740 822 831 885 qui
868 816 1115 871 cesorum
1158 820 1421 872 bominum

354 899 609 961 sangnine
631 896 977 961 delectentur,
1007 911 1223 962 eamque
1258 898 1423 947 solum

358 972 760 1024 immolationem
790 972 1078 1037 perfectam
1106 973 1314 1039 suisque
1332 987 1425 1021 nu-

363 1050 517 1101 meris
562 1048 797 1099 omnibns
829 1050 1115 1099 absolutam
1138 1049 1426 1099 carimoni-

361 1141 445 1177 ιιι
488 1126 715 1192 putare?
757 1126 1247 1201 Carthaginensibus
1302 1140 1426 1177 vero

362 1216 533 1253 nonne
572 1200 757 1252 fuisset
810 1203 1012 1263 melius,
1061 1204 1279 1253 critiam
1334 1211 1426 1253 aut

362 1278 647 1342 Diagoram
674 1278 853 1329 atheos
890 1286 947 1328 et
971 1280 1112 1329 velut
1140 1279 1427 1343 impietatis

362 1360 602 1404 auctores
640 1368 922 1416 arcessere,
964 1361 1119 1420 atque
1150 1354 1307 1418 juxta
1342 1369 1427 1403 eo-

361 1443 477 1479 rum
542 1428 750 1493 placita,
807 1431 1000 1481 nullum
1054 1432 1285 1482 Deorum
1335 1438 1429 1483 aut

364 1504 655 1555 demonum
674 1506 845 1555 statim
871 1508 935 1557 ab
962 1508 1105 1557 initio
1130 1508 1427 1569 admittere,

362 1597 519 1647 quam
542 1582 724 1633 talibus
749 1583 1009 1635 sacrifieiis
1028 1586 1123 1647 uti,
1141 1586 1317 1650 qualia
1336 1585 1429 1635 Sa·

362 1666 517 1708 turno
550 1656 847 1709 faciebant?
882 1662 1001 1711 Non
1042 1668 1235 1722 autem,
1272 1668 1331 1711 nt
1353 1660 1430 1712 ait

364 1733 729 1799 Empedocles,
768 1749 855 1785 eos
900 1738 985 1801 qui
1023 1736 1265 1787 animalia
1296 1751 1432 1787 mac·

362 1816 498 1871 tant,
540 1808 947 1873 reprehendens,
1000 1812 1015 1838 ‘
1040 1810 1311 1861 Sublatum
1337 1810 1432 1860 sub

363 1883 535 1937 forma
574 1886 677 1935 alia
698 1893 869 1949 pater,
904 1892 1027 1935 ante
1050 1895 1310 1950 precatus,
1331 1886 1433 1937 Νη

363 1960 582 2011 stolidus
619 1974 797 2010 carum
836 1970 1013 2011 natum
1046 1966 1234 2011 enecat
1254 1960 1287 2022 3’
1336 1960 1431 2011 sed

366 2038 589 2089 scientes
612 2044 670 2087 et
691 2036 975 2099 prudentes
1012 2038 1114 2102 ipsi
1156 2052 1272 2087 suos
1306 2037 1433 2087 libe·

366 2126 473 2174 ros,
492 2112 709 2161 devotos
732 2110 997 2161 sacrificiis
1010 2111 1325 2161 mactabant.
1364 2110 1434 2161 Et

366 2188 458 2253 qui
490 2187 678 2237 liberos
712 2202 815 2235 non
852 2186 1124 2247 baberent,
1146 2201 1177 2235 a
1198 2187 1435 2251 pauperi·

365 2263 463 2315 bns
488 2264 748 2326 puerulos,
766 2262 911 2311 velut
929 2276 1089 2326 agnos
1126 2270 1217 2312 aut
1247 2262 1434 2325 pullos,

369 2338 437 2391 ad
460 2340 821 2389 immolandum
834 2338 1149 2389 retinebant.
1209 2337 1434 2388 Astabat

366 2430 521 2482 porro
555 2414 769 2465 immitis
804 2420 860 2465 et
882 2416 1007 2464 dura
1028 2420 1197 2465 mater
1214 2414 1325 2464 sine
1348 2430 1434 2479 ge-

368 2492 522 2543 mitu.
586 2492 723 2541 Nam
756 2492 798 2541 si
834 2492 1207 2555 illacrymasset
1240 2502 1331 2543 aut
1359 2493 1434 2542 in-

370 2568 673 2635 gemuisset,
728 2566 841 2618 sine
904 2570 1099 2618 honore
1151 2568 1311 2617 vitam
1348 2568 1439 2619 de·

368 2659 515 2709 gere,
556 2644 819 2708 nihiloque
867 2644 1038 2693 minus
1104 2642 1269 2693 fllium
1322 2644 1436 2709 ejus

366 2718 625 2771 immolari
646 2719 937 2783 oportebat.
972 2718 1111 2772 Quin
1134 2720 1290 2771 etiam
1315 2730 1435 2771 ante

368 2802 617 2859 statuam,
664 2794 805 2845 tibiis
853 2794 1153 2843 canentium
1194 2808 1339 2857 sono,
1384 2802 1440 2846 et

372 2876 623 2935 tympana
645 2870 959 2934 pulsantium
984 2870 1229 2932 strepltu,
1264 2884 1440 2931 perso·

367 2946 566 2995 nubant
586 2944 777 3003 omnia,
798 2958 865 2991 ne
888 2942 1281 3008 puerorum,qui
1304 2958 1439 2994 mac-

368 3020 637 3081 tabantur,
674 3017 901 3081 ejulatus
933 3016 1169 3067 exaudiri
1193 3020 1441 3081 possent.’

366 3094 461 3145 Sic
485 3099 542 3143 et
578 3092 855 3143 Pboenices
876 3091 1177 3143 mactabant
1197 3092 1328 3143 filios
1346 3094 1437 3144 Sa-

368 3176 545 3233 turno,
564 3168 703 3218 unde
727 3174 783 3218 et
804 3174 1095 3219 sumserunt
1118 3168 1289 3219 Poeni.
1309 3170 1438 3220 Por·

370 3244 588 3311 phyrius
611 3243 679 3295 de
700 3244 886 3294 abstin.
920 3242 1233 3295 Animalium
1260 3246 1347 3295 lib.
1373 3261 1435 3295 ιι.

372 3324 389 3351 ⁸
416 3320 693 3372 Pha-‚uices
736 3320 937 3384 magnis
974 3320 1029 3369 in
1070 3320 1321 3385 cladibus,
1357 3322 1441 3371 vel

372 3396 650 3461 bellorum,
686 3398 767 3446 vel
792 3403 969 3460 estus,
1002 3399 1086 3447 vel
1111 3398 1443 3463 pestilentiae,

374 3472 738 3525 sacrificabant
786 3473 1167 3523 carissimorum
1219 3476 1440 3539 aliquem

372 3550 614 3612 Saturno,
653 3549 1009 3599 communibus
1042 3550 1109 3600 ad
1144 3551 1241 3599 hoc
1265 3548 1441 3601 suffra„

374 3628 474 3691 giis
497 3626 798 3677 addictum?
862 3627 946 3675 Sic
964 3632 1021 3676 et
1036 3626 1291 3677 Eusebius
1307 3634 1440 3677 orat.

374 3704 431 3753 in
471 3704 798 3754 Constantini
846 3701 1083 3753 laudem:
1130 3704 1146 3731 ⁴
1172 3704 1443 3754 Phoeuices

374 3780 597 3831 Saturno
648 3780 923 3844 quotannis
965 3778 1325 3831 sacrificabant
1370 3780 1443 3830 di-

376 3858 699 3919 lectissimos,
718 3872 779 3907 ac
796 3856 932 3907 filios
954 3852 1172 3908 unicos!

438 3932 656 3985 Liberos
702 3934 815 3985 scil.
850 3936 994 3984 vivos
1036 3934 1439 3986 comburebant:

373 4011 453 4063 sie
473 4011 562 4060 lib.
586 4012 718 4076 Reg.
756 4025 835 4060 ιν.
873 4008 920 4059 Ii
954 4019 1128 4063 autem
1166 4012 1253 4076 qui
1291 4020 1443 4063 erant

372 4084 445 4139 d‘e
470 4090 499 4148 ‚⁴
522 4088 857 4151 Sepharvaim
898 4088 1274 4139 comburebant
1306 4088 1441 4137 filios

374 4178 499 4227 suos
522 4162 660 4227 igni,'
686 4168 782 4213 stc.
853 4162 916 4211 In
939 4164 1163 4227 imagine
1199 4164 1305 4214 Dei
1326 4164 1440 4213 Mo-

370 4240 511 4307 loeh,
544 4240 632 4307 qui
668 4241 803 4291 idem
840 4256 955 4293 cum
975 4240 1114 4301 Sole,
1152 4246 1303 4289 erant
1321 4254 1439 4305 sep·

375 4322 481 4369 tem
520 4316 807 4383 conclavia,
834 4330 1051 4383 qnorum
1083 4316 1137 4366 in
1169 4316 1333 4381 primo
1362 4314 1437 4365 ot·-

1504 820 1748 871 ferebant
1781 821 2004 885 ninnium,
2039 822 2096 873 in
2119 814 2304 885 altero,
2321 826 2569 887 Mareu,

1504 898 1557 946 in
1576 898 1756 960 tertio,
1779 912 1930 959 ovem,
1965 897 2018 945 in
2041 904 2248 962 quarto,
2269 898 2484 961 arietem
2515 900 2572 949 in

1506 974 1706 1039 quinto,
1747 973 1964 1037 vitulam,
2003 974 2056 1023 in
2095 979 2265 1037 sexto,
2303 972 2482 1037 bosam,
2515 974 2570 1025 in

1503 1051 1744 1114 septimo,
1759 1050 1942 1114 filiam.
2007 1050 2222 1113 Septem
2265 1056 2416 1100 erant
2451 1064 2572 1101 con-

1504 1126 1672 1177 clavia
1693 1140 1790 1191 pro
1825 1140 2037 1176 numero
2070 1126 2200 1175 Solis
2241 1132 2298 1175 et
2331 1126 2492 1177 Lunae
2515 1132 2573 1177 et

1504 1204 1731 1268 quinque
1751 1203 2095 1265 planetarum.
2159 1202 2240 1250 Ex
2253 1202 2436 1266 quibus
2458 1217 2574 1267 pos-

1508 1284 1728 1327 tremnm
1751 1278 1962 1342 proprie
1985 1284 2100 1328 erat
2131 1277 2286 1341 Solis,
2321 1284 2381 1327 ut
2401 1280 2574 1329 excel-

1504 1353 1776 1403 lentissimi
1815 1352 2074 1404 Numinis.
2139 1352 2292 1403 Unile
2331 1360 2388 1403 et
2415 1354 2574 1405 bonos

1506 1428 1714 1479 redibat
1735 1429 1800 1479 ad
1825 1430 2013 1492 Solem,
2035 1430 2088 1479 in
2103 1444 2426 1494 quocumque
2455 1446 2578 1483 eon·

1508 1504 1644 1554 clavi
1676 1502 1984 1553 offerretur:
2041 1504 2134 1553 sed
2189 1507 2430 1569 proprius
2482 1507 2574 1557 ille

1506 1580 1667 1630 bonos
1687 1581 1841 1642 Solis,
1871 1594 1991 1631 cum
2025 1580 2176 1631 homo
2199 1581 2572 1633 immolaretur.

1507 1656 1719 1705 Summo
1762 1657 1896 1705 enim
1940 1656 2062 1705 Deo
2096 1670 2292 1705 summa
2326 1658 2576 1707 convenit

1508 1730 1739 1782 victima.
1805 1731 1880 1781 At
1921 1732 2012 1782 Sol
2061 1733 2294 1783 Deorum
2344 1748 2570 1783 summus

1510 1804 1644 1857 fuit:
1690 1822 1788 1857 nec
1820 1808 2094 1873 quicquam
2117 1809 2171 1859 in
2193 1810 2382 1859 mundo
2403 1811 2574 1860 excel-

1508 1882 1699 1933 lentius
1717 1883 1956 1944 homine3
1997 1884 2124 1934 nibil
2165 1884 2468 1949 parentibus
2489 1900 2576 1937 ea·

1508 1958 1634 2021 rius,
1676 1974 1828 2024 quam
1871 1956 1981 2008 filii.
2041 1958 2130 2009 Sic
2165 1960 2326 2022 igitur
2368 1960 2575 2024 judica·

1511 2041 1652 2096 runt,
1689 2047 1791 2083 non
1811 2047 1960 2097 posse
1990 2048 2046 2085 se
2081 2035 2261 2085 melius
2281 2036 2456 2085 Deum
2490 2036 2578 2087 de·

1511 2110 1721 2171 mereri,
1763 2123 1915 2173 quam
1951 2110 1994 2157 si
2027 2110 2354 2159 immolarent
2383 2110 2578 2161 liberos

1514 2198 1632 2235 suos
1653 2185 1808 2234 etiam
1831 2185 1884 2234 iu
1902 2184 2173 2235 maximam
2195 2185 2494 2237 divitiarum
2517 2202 2578 2239 ae

1514 2260 1768 2326 potentia·
1790 2274 1933 2325 spem
1957 2266 2124 2311 natos.
2193 2260 2328 2313 Haec
2351 2276 2474 2313 vera
2496 2278 2576 2313 ra-

1512 2339 1587 2387 tio
1612 2343 1666 2388 et
1687 2335 1872 2387 falsum
1894 2344 2240 2389 commentum
2256 2340 2578 2405 Graecorum,

1512 2415 1632 2463 ideo
1672 2414 1896 2463 Saturno
1929 2420 2202 2478 mactasse,
2241 2422 2302 2465 ut
2324 2412 2578 2479 significa—

1513 2498 1652 2552 rent,
1669 2505 1726 2541 se
1757 2490 1990 2552 Saturni,
2012 2505 2106 2539 seu
2130 2492 2395 2555 temporis,
2427 2496 2578 2541 natu·

1516 2583 1626 2619 ram
1670 2566 1880 2629 imitari,
1917 2566 2072 2631 quod,
2105 2567 2220 2618 scil.
2249 2568 2423 2617 omnia
2455 2575 2578 2621 nata

1514 2649 1860 2693 consumeret.
1927 2643 2042 2693 Nec
2063 2658 2188 2693 vera
2210 2644 2346 2695 ratio
2367 2646 2441 2695 D.
2473 2644 2579 2695 Aa·

1517 2719 1710 2783 gustini
1733 2720 1823 2769 lib.
1847 2732 1948 2769 vn.
1973 2719 2040 2769 de
2076 2720 2234 2770 Civit.
2271 2720 2374 2770 Dei
2406 2735 2456 2771 c.
2495 2725 2576 2771 19.

1518 2796 1662 2861 quasi
1705 2796 2048 2859 respexerint,
2089 2794 2228 2860 quod
2272 2796 2469 2845 semina
2497 2810 2580 2846 eo-

1518 2873 1820 2936 operiantur
1847 2879 2005 2934 terra,
2041 2879 2198 2937 atque
2229 2872 2305 2921 ita
2335 2886 2400 2921 eo
2434 2872 2582 2923 rede-

1520 2953 1615 2997 ant
1635 2948 1771 2997 unde
1794 2954 2069 2997 venerunt.
2135 2948 2252 2997 Nec
2285 2948 2389 2995 ista
2409 2947 2580 2995 Minu-

1518 3022 1587 3073 cii
1629 3022 1819 3072 Felicis
1859 3022 1910 3070 in
1956 3023 2084 3073 Oet.
2133 3023 2151 3050 ‘
2177 3021 2348 3085 Qniass
2391 3023 2582 3087 inquit,

1517 3100 1806 3151 ‘Saturnus
1841 3096 1978 3149 filios
2020 3112 2138 3149 suos
2177 3098 2440 3161 exposuit,
2477 3110 2582 3147 non

1515 3176 1753 3237 voravit3
1793 3176 1980 3225 merito
2013 3176 2062 3224 ei
2095 3176 2146 3224 in
2161 3174 2420 3224 nonnuliis
2445 3172 2582 3224 Afri·

1518 3264 1594 3301 ce
1637 3250 1874 3314 partibus
1909 3248 2130 3301 infantes
2155 3249 2584 3300 immolabantur?

1523 3326 1644 3378 Ger.
1671 3328 1878 3377 Vossius.
2271 3360 2280 3369 ·

1585 3402 1742 3452 Certe
1761 3404 1846 3452 hic
1869 3403 2136 3465 templum,
2155 3404 2172 3433 ⁴
2193 3401 2455 3455 nemooisi
2473 3400 2582 3451 vin-

1520 3478 1638 3527 culo
1681 3478 1870 3541 ligatus
1923 3478 2212 3541 ingreditur
2230 3476 2264 3538 ς’
2303 3485 2360 3527 et
2406 3490 2582 3527 coram

1521 3555 1662 3617 Deo,
1685 3568 1846 3618 usque
1869 3554 1934 3602 ad
1967 3555 2286 3603 vinculorum
2317 3554 2584 3618 ignomini-

1523 3643 1605 3677 am
1644 3642 1754 3677 sese
1796 3627 2050 3692 abjiciunt
2090 3629 2357 3679 Germani.
2423 3629 2582 3679 Forte

1522 3712 1577 3753 et
1602 3705 1780 3754 eadem
1800 3704 1896 3755 bac
1917 3718 2074 3754 cansa
2093 3705 2390 3755 mactabant
2425 3704 2585 3755 horni-

1520 3795 1636 3844 nes,
1675 3787 1734 3829 ut
1767 3781 1857 3829 tali
1889 3778 2142 3830 sacrificio
2170 3786 2468 3843 morea
2489 3792 2588 3829 oas-

1520 3854 1654 3905 nium
1711 3857 1867 3907 Deum
1907 3864 2266 3920 agnoscerent,
2305 3857 2388 3905 cui
2428 3855 2586 3907 mia

1520 3930 1728 3993 subjecta
1764 3938 1820 3982 et
1851 3932 2088 3996 parentia.
2163 3932 2279 3983 Nec
2323 3931 2486 3981 solum
2527 3944 2584 3980 se

1519 4006 1871 4070 subjiciebant
1905 4022 2064 4071 nsque
2089 4006 2152 4055 ad
2179 4006 2368 4055 vinculi
2389 4004 2588 4057 bumili-

1522 4088 1706 4144 tatem,
1743 4082 1912 4132 sedet
1948 4096 2108 4147 usque
2142 4082 2208 4130 ad
2247 4086 2482 4143 mortem,
2524 4083 2585 4127 nt

1522 4171 1638 4207 eum
1660 4157 1734 4207 sic
1752 4158 2000 4208 arbitrum
2037 4156 2176 4207 initii
2193 4170 2360 4205 rerum
2379 4161 2434 4201 et
2447 4151 2586 4215 finis,

1520 4238 1581 4283 ut
1602 4232 1856 4283 arbitrum
1877 4232 2000 4287 vitae
2015 4236 2072 4281 et
2093 4231 2238 4280 necis
2268 4226 2587 4277 mortalium·

1518 4324 1622 4375 que
1673 4308 1902 4359 omnium
1954 4306 2126 4371 pah-
2193 4300 2584 4359 canetenim.
