3175 4934
569 331 747 401 8418

1270 346 1340 395 0.
1394 346 1758 396 connum!
1805 346 2062 395 'raom

1574 564 1786 632 Nora:

572 689 695 743 (lam
732 692 977 743 Cornelio
1024 694 1307 757 scribente,
1350 696 1547 759 legitur
1580 696 1635 743 in

570 767 901 818 interioribus
924 771 1099 819 insulis
1124 771 1343 833 Oceani,
1376 786 1443 819 ex
1483 770 1634 820 arlio-

570 846 639 895 ris
660 861 813 895 succo
836 844 1063 896 defluens
1082 864 1097 906 ς
1134 847 1270 897 unde
1293 856 1347 896 et
1368 846 1633 895 succinum

571 922 785 983 dicitnr,
810 925 1055 987 paulatim
1092 924 1211 973 solis
1233 924 1419 974 ardore
1440 925 1632 972 coales-

572 997 733 1047 cens!
798 999 901 1047 Sed
933 999 1071 1049 itane
1105 999 1409 1049 contemtim
1443 1000 1530 1049 ille
1566 999 1633 1048 de

571 1073 785 1123 nostro?
808 1075 978 1138 potius
998 1075 1221 1139 scripsit,
1230 1078 1475 1139 quondam.
1511 1075 1633 1138 Lip-

576 1164 697 1201 aius.

636 1226 741 1277 Soli
780 1228 985 1277 ondam
1020 1227 1281 1290 swintun]
1338 1227 1511 1277 Hodie
1532 1228 1638 1277 Bo-

572 1304 724 1365 russi,
742 1302 829 1351 nbi
856 1303 1058 1353 Sambia
1080 1304 1131 1352 in
1162 1302 1420 1351 littoribus
1453 1304 1519 1355 ad
1540 1303 1635 1351 Su-

570 1378 790 1441 daviam,
813 1379 961 1441 cujus
984 1394 1138 1428 unum
1178 1382 1311 1429 latus
1344 1378 1636 1441 expositum

572 1453 653 1505 est
695 1454 937 1518 Zephyro
980 1470 1158 1517 versus
1202 1455 1548 1517 occidentem,
1578 1465 1638 1505 et

570 1530 689 1579 huic
708 1530 953 1579 continuo
971 1531 1204 1580 adhaeret
1224 1532 1371 1581 littus
1406 1531 1635 1582 Gedani-

570 1619 691 1655 cum
713 1612 769 1653 et
792 1604 1183 1655 Pomeranicum
1208 1623 1223 1666 3
1259 1608 1480 1657 alterum
1519 1620 1633 1656 ver-

570 1694 657 1729 ses
696 1681 1105 1744 septentrionem
1161 1681 1415 1731 Livonico
1469 1681 1634 1732 conti·

572 1774 744 1825 gnum.
812 1759 875 1810 In
916 1760 1170 1811 sudavico
1200 1762 1397 1823 littore,
1428 1768 1485 1811 et
1530 1775 1634 1811 non

570 1836 758 1900 ubivis,
777 1851 933 1886 venas
956 1837 1151 1887 succini
1174 1837 1271 1887 snb
1311 1837 1461 1901 aquis
1500 1850 1635 1897 esse,

570 1914 781 1962 tametsi
810 1913 1201 1977 tempestatibus
1234 1912 1303 1961 ad
1338 1914 1485 1964 littus
1530 1912 1634 1961 Po·

570 1987 904 2049 meranicnm,
948 1989 1278 2052 Gedanense,
1332 1988 1633 2039 Livonicnm

569 2063 795 2113 nonnihil
818 2064 931 2128 ejus
948 2064 1274 2126 extrudatur,
1296 2064 1523 2129 loquitur
1545 2078 1632 2114 ex-

569 2138 844 2203 perientia.

637 2216 761 2265 Non
800 2215 1093 2278 negandum
1118 2223 1285 2265 tamen
1310 2216 1373 2265 ad
1396 2216 1634 2281 quedam

570 2287 841 2353 Hispania
885 2290 1275 2357 Britanniaque
1310 2292 1495 2341 littora
1532 2292 1636 2341 lec-

569 2371 680 2414 tum
716 2363 895 2427 fnisse,
928 2375 983 2416 et
1006 2368 1171 2419 adhuc
1201 2369 1509 2434 quandoque
1530 2368 1634 2433 legi

568 2442 833 2492 succinum
854 2460 869 2504 ;
910 2446 1002 2493 sed
1027 2446 1269 2510 ignobile,
1292 2445 1529 2511 qnodque
1548 2446 1634 2495 vix

570 2532 760 2569 nomen
777 2522 992 2584 prasino
1017 2536 1138 2571 vero
1162 2520 1443 2572 'cereatum‘

635 2594 699 2643 In
722 2595 984 2646 littoribus
1006 2597 1172 2647 India
1196 2600 1453 2648 nonnullis
1472 2600 1632 2649 etiarn

570 2672 791 2734 reperiri
847 2672 1046 2722 Plinius
1095 2685 1326 2723 xxxvii.
1361 2678 1411 2722 8.
1452 2682 1634 2723 auctor

570 2752 676 2796 est.
732 2746 887 2797 Adde
942 2749 1077 2812 quod
1128 2749 1182 2797 in
1244 2748 1634 2799 mediterraneis

570 2822 873 2888 quibusdam
892 2826 1037 2887 locis,
1056 2826 1144 2874 nbi
1168 2826 1309 2875 lacus
1328 2832 1383 2875 et
1402 2826 1635 2889 paludes,

571 2901 820 2963 arenosis,
859 2902 1017 2952 etiam
1054 2901 1220 2952 frusta
1240 2903 1435 2953 succini
1458 2902 1632 2952 inven-

572 2985 630 3027 ta
652 2978 777 3042 sint,
814 2986 875 3029 nt
917 2986 973 3028 et
1004 2979 1057 3028 in
1078 2980 1189 3029 solo
1216 2979 1354 3029 urbis
1378 2978 1635 3029 Witeber·

571 3056 761 3119 gensis.
826 3055 1041 3105 Modum
1060 3056 1255 3105 succini
1277 3054 1481 3120 legendi
1496 3056 1634 3104 intra

570 3132 703 3181 vada
744 3138 899 3196 atque
952 3139 1313 3195 tempestates,
1354 3130 1635 3193 descripsit

570 3207 661 3259 Jo.
678 3208 986 3270 wigandus.

633 3284 716 3331 Ex
740 3282 1011 3331 Herodoto
1034 3288 1179 3345 patet
1191 3282 1299 3344 jam
1326 3285 1449 3330 ante
1482 3284 1633 3331 200⁰.

566 3370 813 3407 annorum
852 3356 1149 3407 constitisse
1189 3355 1389 3406 Graecis
1425 3354 1636 3406 fluvium

568 3433 623 3483 la
644 3442 879 3484 extrema
912 3434 1121 3496 Europa
1138 3433 1203 3482 ad
1222 3434 1630 3497 septentrionem

568 3522 705 3571 esse,
736 3524 886 3573 quem
911 3508 1189 3557 Eridanum
1226 3508 1427 3558 barbari
1450 3511 1630 3577 appel-

572 3585 703 3646 lent,
723 3586 995 3649 (Μαι
1010 3585 1092 3634 vel
1112 3586 1335 3635 lindam
1347 3586 1522 3635 dicere
1536 3585 1622 3635 de·

568 3660 751 3724 bebut)
784 3662 872 3711 ubi
896 3660 1158 3711 succinum
1178 3661 1397 3725 legatur.
1452 3662 1631 3710 Kirch·

571 3750 735 3787 mater.

636 3811 845 3861 Florius
892 3814 1126 3862 Raddune
1170 3812 1305 3861 hand
1360 3815 1540 3875 procul
1601 3828 1632 3862 a

574 3887 766 3937 mula
794 3889 978 3951 oritur,
1018 3896 1073 3939 et
1112 3904 1167 3936 se
1201 3888 1255 3936 in
1274 3887 1407 3937 hunc
1430 3904 1634 3939 amnem

568 3972 859 4015 exonerat:
894 3980 957 4013 ex
996 3965 1213 4013 Rodum
1248 3965 1455 4013 nomine
1498 3962 1634 4013 effic-

568 4048 681 4092 tum
737 4042 963 4107 antiquis
1016 4042 1283 4090 Eridanum
1314 4046 1501 4103 putant
1533 4039 1634 4087 viri

568 4117 732 4170 docti.

634 4192 914 4257 Mam]
966 4190 1054 4244 De
1096 4206 1199 4259 quo
1230 4191 1305 4241 sic
1346 4190 1490 4242 Pun.
1508 4190 1632 4242 hist.

1713 700 1885 745 natur.
1922 706 2141 745 xxxvii.
2163 698 2211 745 3.
2266 694 2284 723 ⁴
2311 694 2525 745 Certum
2539 700 2620 745 est
2633 691 2778 758 gigni

1714 773 1766 821 in
1791 773 1964 821 insulis
1987 773 2408 836 septentrionalis
2425 773 2648 835 Oceani,
2665 779 2724 823 et
2748 787 2781 822 a

1715 848 1982 897 Germanis
2005 849 2253 913 appellari
2278 848 2521 898 Glessum
2543 865 2558 897 ι
2601 849 2782 915 itaque

1714 930 1769 973 et
1807 938 1837 970 n
1883 924 2068 973 nostris
2116 938 2266 973 unam
2307 925 2584 973 insularum
2623 925 2688 974 ob
2726 924 2782 973 id

1715 998 2028 1048 Glessariam
2082 1001 2415 1063 appellatam,
2469 1001 2786 1051 Germanico

1715 1074 1922 1124 Cesare
1966 1076 2038 1124 ibi
2091 1076 2336 1125 classibus
2394 1092 2502 1127 rem
2543 1084 2788 1141 gerente,

1717 1150 2044 1199 Austravism
2063 1164 2094 1199 a
2117 1150 2348 1201 barbaris
2367 1152 2579 1204 dictam.
2643 1154 2784 1205 Nas-

1715 1225 1854 1274 citur
1891 1232 2066 1274 autem
2105 1223 2367 1276 defluente
2389 1227 2613 1277 medulla
2638 1228 2782 1291 pinei

1715 1301 1918 1365 generis
1940 1302 2228 1363 arboribus,
2263 1310 2321 1352 ut
2347 1304 2538 1366 gummi
2562 1303 2614 1351 in
2637 1318 2786 1353 cera-

1717 1378 1805 1439 sis,
1850 1377 2020 1426 resina
2059 1376 2244 1439 pineis.
2333 1378 2572 1441 Erumpit
2605 1378 2782 1427 buno·

1717 1452 1785 1502 ris
1818 1450 2160 1501 abundantia:
2203 1453 2448 1501 densatur
2483 1454 2652 1516 rigore
2693 1454 2784 1504 vel

1717 1534 1902 1590 tepore
1922 1527 2222 1576 autumnali.
2288 1531 2418 1577 cnm
2437 1529 2786 1580 intumescens

1714 1609 1868 1652 oestus
1892 1603 2080 1665 rapuit,
2104 1618 2168 1651 ex
2197 1603 2376 1653 insulis
2393 1614 2542 1653 certe
2566 1606 2618 1653 in
2641 1607 2785 1657 litto-

1714 1692 1774 1727 ra
1791 1678 2090 1741 expellitur,
2108 1678 2182 1728 ita
2197 1679 2444 1743 volubile,
2467 1688 2528 1731 nt
2549 1681 2782 1745 pendere

1713 1754 1966 1815 videatur,
2010 1762 2168 1818 atque
2211 1755 2484 1805 considere
2523 1758 2576 1805 in
2605 1758 2784 1807 vado:

1713 1830 1850 1893 quod
1883 1829 2082 1880 arboris
2113 1844 2322 1879 succum
2345 1846 2458 1881 esse
2481 1834 2636 1895 prisci
2669 1848 2789 1883 nos-

1714 1906 1786 1954 tri
1815 1905 2105 1968 credidere,
2141 1908 2210 1955 ob
2240 1907 2293 1956 id
2317 1910 2578 1959 succinum
2601 1912 2786 1975 appel-

1713 1982 1898 2032 lantes.
1965 1982 2146 2031 Pineae
2194 1988 2368 2032 aute·
2414 1984 2610 2033 arboris
2647 1998 2784 2048 esse,

1711 2058 1908 2107 indicio
1943 2063 2025 2108 est
2045 2058 2229 2121 pineus
2255 2072 2320 2107 ex
2343 2061 2528 2109 attritu
2551 2060 2699 2123 odor,
2723 2068 2784 2111 et

1713 2134 1852 2199 quod
1867 2148 2162 2197 accensum,
2183 2134 2337 2184 tude
2355 2137 2510 2185 modo
2527 2137 2784 2188 aenidote

1713 2210 1918 2276 flagret.
1983 2212 2220 2263 Affertur
2239 2228 2270 2263 a
2287 2214 2559 2263 Germanis
2577 2214 2630 2264 in
2643 2214 2785 2265 Pan-

1715 2288 1922 2338 noniam
1977 2290 2200 2339 maxime
2254 2290 2604 2354 provinciam:
2659 2290 2782 2343 inde

1715 2364 1908 2414 Veneti
1929 2366 2171 2428 primum,
2195 2380 2324 2429 quos
2346 2366 2521 2415 Graeci
2547 2366 2783 2418 Henetos

1717 2447 1926 2501 vocant,
1971 2440 2046 2489 rei
2097 2439 2284 2490 famam
2319 2440 2516 2503 fecere,
2561 2442 2781 2507 proximi

1715 2516 2019 2577 Pannonioe,
2055 2517 2110 2565 id
2139 2517 2458 2581 accipientes
2476 2520 2620 2568 circa
2637 2534 2781 2570 mare

1715 2592 2097 2643 Hadriaticum.
2153 2598 2267 2644 000.
2307 2592 2420 2644 fere
2457 2595 2620 2645 millia
2665 2610 2780 2667 pas-

1713 2687 1862 2723 suum
1907 2688 1938 2722 a
1991 2674 2226 2722 carunto
2283 2674 2564 2725 Pannonia
2633 2676 2784 2725 abest

1713 2749 1859 2800 littus
1879 2748 1932 2797 id
1955 2748 2268 2812 Germaniae,
2299 2764 2366 2799 ex
2387 2765 2490 2815 quo
2509 2750 2784 2815 invehitur,

1715 2824 2073 2888 percognitum
2091 2838 2270 2888 nuper.
2305 2824 2452 2874 Vidit
2468 2827 2605 2876 enim
2627 2840 2785 2892 eques

1715 2902 1866 2951 Rom.
1909 2901 2090 2951 -issus
2132 2900 2197 2950 ad
2235 2900 2286 2950 id
2327 2902 2728 2965 comparandum
2752 2918 2783 2953 a

1711 2978 1920 3031 Juliauo
1961 2983 2174 3028 curante
2212 2978 2572 3041 gladiatorium
2601 2993 2784 3031 munus

1713 3056 1939 3105 Neronis
1972 3054 2244 3121 principis,
2283 3056 2368 3119 qui
2403 3057 2514 3105 hoec
2537 3071 2786 3107 commer-

1711 3132 1793 3181 cia
1815 3138 1870 3181 et
1889 3132 2068 3181 littora
2093 3132 2410 3195 peragravit,
2451 3138 2599 3181 tanta
2631 3133 2785 3195 copia

1713 3206 1942 3268 invecta,
1985 3214 2044 3255 nt
2080 3206 2211 3257 retia
2244 3207 2479 3257 arcendis
2523 3206 2650 3257 feris
2683 3208 2788 3258 Po-

1712 3281 1854 3332 dinm
1899 3284 2253 3346 protegentia,
2287 3283 2508 3333 succinis
2535 3284 2785 3335 nodaren-

1715 3368 1840 3419 tnr;
1878 3372 2020 3407 arma
2057 3371 2183 3408 vero
2215 3365 2272 3407 et
2289 3357 2514 3417 libitina,
2538 3366 2783 3425 totusque

1715 3435 1867 3483 unius
1889 3434 1991 3484 diei
2017 3441 2300 3498 apparatus
2327 3444 2468 3486 esset
2497 3450 2526 3483 e
2545 3437 2782 3495 succino,

1711 3512 1810 3559 dte.
1877 3509 2150 3574 Liquidum
2196 3509 2362 3572 prino
2403 3510 2683 3575 destillare,
2702 3524 2781 3561 ar·

1708 3592 1952 3649 gumento
1975 3591 2098 3634 sunt
2131 3584 2366 3649 quedam
2405 3586 2542 3635 intus
2566 3586 2784 3635 translu-

1711 3661 1905 3723 centia,
1951 3667 2010 3711 ut
2045 3659 2299 3721 formicis,
2337 3670 2428 3710 ant
2463 3663 2674 3723 culices,
2711 3662 2784 3713 la·

1712 3744 1974 3801 certaeque
2005 3754 2021 3797 ;
2071 3750 2196 3799 quas
2258 3738 2532 3787 adhaesisse
2583 3746 2782 3788 musteo

1712 3828 1814 3863 non
1835 3820 1916 3862 est
1937 3811 2170 3874 dubium,
2203 3818 2260 3861 et
2295 3812 2516 3863 inclusas
2549 3812 2783 3864 indures·

1713 3888 1875 3950 centi,
1901 3890 2003 3937 &c-

1779 3966 1796 3993 ‘
1813 3964 1974 4013 Nasci
1999 3970 2054 4012 et
2077 3964 2130 4011 in
2158 3962 2313 4013 India
2335 3972 2534 4014 certum
2559 3970 2658 4014 est.
2681 3963 2784 4014 Ar-

1713 4041 1920 4091 chelaus
1940 4040 2028 4104 qui
2061 4040 2298 4104 regnavit
2339 4041 2390 4089 in
2429 4038 2785 4105 Cappadocia,

1711 4116 1856 4167 illinc
1893 4116 2046 4179 pineo
2067 4116 2264 4167 cortice
2293 4116 2578 4166 inherente
2619 4116 2786 4167 tradit

1709 4190 1900 4242 advehi
1953 4190 2104 4257 rude,
2153 4190 2410 4257 polirique
2469 4192 2626 4257 adipe
2679 4188 2781 4243 ab
