<?xml version="1.0" encoding="UTF-8"?>
<!DOCTYPE html PUBLIC "-//W3C//DTD XHTML 1.0 Transitional//EN"
    "http://www.w3.org/TR/xhtml1/DTD/xhtml1-transitional.dtd">
<html xmlns="http://www.w3.org/1999/xhtml" xml:lang="en" lang="en">
 <head>
  <title>
</title>
<meta http-equiv="Content-Type" content="text/html;charset=utf-8" />
  <meta name='ocr-system' content='tesseract 3.04.00' />
  <meta name='ocr-capabilities' content='ocr_page ocr_carea ocr_par ocr_line ocrx_word'/>
</head>
<body>
  <div class='ocr_page' id='page_1' title='image "./operaomnia11tacigoog/operaomnia11tacigoog_0408.png"; bbox 0 0 3175 4934; ppageno 0'>
   <div class='ocr_carea' id='block_1_1' title="bbox 1603 719 1740 785">
    <p class='ocr_par' dir='ltr' id='par_1_1' title="bbox 1603 719 1740 785">
     <span class='ocr_line' id='line_1_1' title="bbox 1603 719 1740 785; baseline -0.007 0"><span class='ocrx_word' id='word_1_1' title='bbox 1603 719 1740 785; x_wconf 85' lang='lat' dir='ltr'><strong>DE</strong></span> 
     </span>
    </p>
   </div>
   <div class='ocr_carea' id='block_1_2' title="bbox 843 1001 2506 1138">
    <p class='ocr_par' dir='ltr' id='par_1_2' title="bbox 843 1001 2506 1138">
     <span class='ocr_line' id='line_1_2' title="bbox 843 1001 2506 1138; baseline 0 -2"><span class='ocrx_word' id='word_1_2' title='bbox 843 1001 2506 1138; x_wconf 86' lang='lat' dir='ltr'><strong>ORATORIBUS</strong></span> 
     </span>
    </p>
   </div>
   <div class='ocr_carea' id='block_1_3' title="bbox 1590 1353 1760 1401">
    <p class='ocr_par' dir='ltr' id='par_1_3' title="bbox 1590 1353 1760 1401">
     <span class='ocr_line' id='line_1_3' title="bbox 1590 1353 1760 1401; baseline -0.012 0"><span class='ocrx_word' id='word_1_3' title='bbox 1590 1353 1760 1401; x_wconf 75' lang='lat' dir='ltr'><strong>slvn</strong></span> 
     </span>
    </p>
   </div>
   <div class='ocr_carea' id='block_1_4' title="bbox 675 1585 2665 1710">
    <p class='ocr_par' dir='ltr' id='par_1_4' title="bbox 675 1585 2665 1710">
     <span class='ocr_line' id='line_1_4' title="bbox 675 1585 2665 1710; baseline 0 -46"><span class='ocrx_word' id='word_1_4' title='bbox 675 1589 831 1667; x_wconf 86' lang='lat' dir='ltr'><strong>DE</strong></span> <span class='ocrx_word' id='word_1_5' title='bbox 870 1589 1235 1668; x_wconf 83' lang='lat' dir='ltr'>CAUSIS</span> <span class='ocrx_word' id='word_1_6' title='bbox 1276 1590 1893 1710; x_wconf 60' lang='lat' dir='ltr'><strong>CORRUPTAE</strong></span> <span class='ocrx_word' id='word_1_7' title='bbox 1933 1591 2301 1680; x_wconf 91' lang='lat' dir='ltr'>ELOQU</span> <span class='ocrx_word' id='word_1_8' title='bbox 2315 1585 2665 1666; x_wconf 84' lang='lat' dir='ltr'><strong>ENTIAE</strong></span> 
     </span>
    </p>
   </div>
   <div class='ocr_carea' id='block_1_5' title="bbox 1230 1855 2100 1950">
    <p class='ocr_par' dir='ltr' id='par_1_5' title="bbox 1230 1855 2100 1950">
     <span class='ocr_line' id='line_1_5' title="bbox 1230 1855 2100 1950; baseline -0.001 -5"><span class='ocrx_word' id='word_1_9' title='bbox 1230 1857 1395 1946; x_wconf 89' lang='lat' dir='ltr'><strong>DI</strong></span> <span class='ocrx_word' id='word_1_10' title='bbox 1428 1855 2100 1950; x_wconf 87' lang='lat' dir='ltr'><strong>ALOGUS.</strong></span> 
     </span>
    </p>
   </div>
   <div class='ocr_carea' id='block_1_6' title="bbox 1368 2162 1960 2211">
    <p class='ocr_par' dir='ltr' id='par_1_6' title="bbox 1368 2162 1960 2211">
     <span class='ocr_line' id='line_1_6' title="bbox 1368 2162 1960 2211; baseline 0 0"><span class='ocrx_word' id='word_1_11' title='bbox 1368 2162 1960 2211; x_wconf 95' lang='lat' dir='ltr'><strong> </strong></span> 
     </span>
    </p>
   </div>
   <div class='ocr_carea' id='block_1_7' title="bbox 1344 2418 2004 2488">
    <p class='ocr_par' dir='ltr' id='par_1_7' title="bbox 1344 2418 2004 2488">
     <span class='ocr_line' id='line_1_7' title="bbox 1344 2418 2004 2488; baseline 0 -2"><span class='ocrx_word' id='word_1_12' title='bbox 1344 2418 2004 2488; x_wconf 83' lang='lat' dir='ltr'><strong>BREVIARIUM.</strong></span> 
     </span>
    </p>
   </div>
   <div class='ocr_carea' id='block_1_8' title="bbox 556 2553 2784 4268">
    <p class='ocr_par' dir='ltr' id='par_1_8' title="bbox 558 2553 2784 4045">
     <span class='ocr_line' id='line_1_8' title="bbox 654 2553 2782 2638; baseline -0.001 -17"><span class='ocrx_word' id='word_1_13' title='bbox 654 2555 833 2623; x_wconf 73' lang='lat' dir='ltr'>CAP.</span> <span class='ocrx_word' id='word_1_14' title='bbox 862 2555 925 2621; x_wconf 93' lang='lat'><strong>1.</strong></span> <span class='ocrx_word' id='word_1_15' title='bbox 972 2553 1242 2638; x_wconf 85' lang='lat' dir='ltr'><strong>Dialogi</strong></span> <span class='ocrx_word' id='word_1_16' title='bbox 1265 2556 1561 2621; x_wconf 77' lang='lat' dir='ltr'><strong>occasio,</strong></span> <span class='ocrx_word' id='word_1_17' title='bbox 1651 2555 1718 2621; x_wconf 80' lang='lat'><strong>2.</strong></span> <span class='ocrx_word' id='word_1_18' title='bbox 1737 2555 1802 2621; x_wconf 82' lang='lat'><strong>3.</strong></span> <span class='ocrx_word' id='word_1_19' title='bbox 1831 2553 2411 2620; x_wconf 79' lang='lat' dir='ltr'><strong>Consabulationis</strong></span> <span class='ocrx_word' id='word_1_20' title='bbox 2433 2571 2782 2636; x_wconf 83' lang='lat' dir='ltr'><strong>argumen-</strong></span> 
     </span>
     <span class='ocr_line' id='line_1_9' title="bbox 567 2651 2782 2746; baseline -0.003 -23"><span class='ocrx_word' id='word_1_21' title='bbox 567 2663 733 2723; x_wconf 84' lang='lat' dir='ltr'><strong>tum.</strong></span> <span class='ocrx_word' id='word_1_22' title='bbox 822 2655 1188 2721; x_wconf 84' lang='lat' dir='ltr'><strong>Curiatium</strong></span> <span class='ocrx_word' id='word_1_23' title='bbox 1233 2655 1638 2732; x_wconf 81' lang='lat' dir='ltr'><strong>Maternum,</strong></span> <span class='ocrx_word' id='word_1_24' title='bbox 1682 2675 1774 2720; x_wconf 85' lang='lat' dir='ltr'><strong>ex</strong></span> <span class='ocrx_word' id='word_1_25' title='bbox 1819 2662 2082 2722; x_wconf 86' lang='lat' dir='ltr'><strong>oratore</strong></span> <span class='ocrx_word' id='word_1_26' title='bbox 2109 2653 2408 2739; x_wconf 59' lang='lat' dir='ltr'><strong>politam,</strong></span> <span class='ocrx_word' id='word_1_27' title='bbox 2452 2653 2552 2746; x_wconf 95' lang='grc' dir='ltr'><strong>Μ.</strong></span> <span class='ocrx_word' id='word_1_28' title='bbox 2585 2651 2782 2738; x_wconf 84' lang='lat' dir='ltr'><strong>Aper</strong></span> 
     </span>
     <span class='ocr_line' id='line_1_10' title="bbox 566 2758 2782 2844; baseline -0.001 -19"><span class='ocrx_word' id='word_1_29' title='bbox 566 2768 811 2838; x_wconf 87' lang='lat' dir='ltr'><strong>orator,</strong></span> <span class='ocrx_word' id='word_1_30' title='bbox 861 2759 1093 2844; x_wconf 85' lang='lat' dir='ltr'><strong>judice</strong></span> <span class='ocrx_word' id='word_1_31' title='bbox 1141 2759 1187 2824; x_wconf 85' lang='lat' dir='ltr'><strong>J</strong></span> <span class='ocrx_word' id='word_1_32' title='bbox 1190 2760 1330 2824; x_wconf 90' lang='lat' dir='ltr'><strong>ulio</strong></span> <span class='ocrx_word' id='word_1_33' title='bbox 1386 2759 1719 2837; x_wconf 77' lang='lat' dir='ltr'><strong>Secundo,</strong></span> <span class='ocrx_word' id='word_1_34' title='bbox 1765 2779 1808 2822; x_wconf 85' lang='lat' dir='ltr'><strong>a</strong></span> <span class='ocrx_word' id='word_1_35' title='bbox 1860 2758 2147 2843; x_wconf 67' lang='lat' dir='ltr'><strong>poeticis</strong></span> <span class='ocrx_word' id='word_1_36' title='bbox 2205 2758 2444 2824; x_wconf 87' lang='lat' dir='ltr'><strong>studiis</strong></span> <span class='ocrx_word' id='word_1_37' title='bbox 2491 2775 2782 2822; x_wconf 76' lang='lat' dir='ltr'><strong>avocare</strong></span> 
     </span>
     <span class='ocr_line' id='line_1_11' title="bbox 565 2859 2778 2943; baseline -0.002 -15"><span class='ocrx_word' id='word_1_38' title='bbox 565 2867 795 2928; x_wconf 78' lang='lat' dir='ltr'><strong>tentat.</strong></span> <span class='ocrx_word' id='word_1_39' title='bbox 882 2863 948 2927; x_wconf 90' lang='grc'><strong>4.</strong></span> <span class='ocrx_word' id='word_1_40' title='bbox 996 2859 1339 2925; x_wconf 82' lang='lat' dir='ltr'>Maternus</span> <span class='ocrx_word' id='word_1_41' title='bbox 1368 2860 1769 2926; x_wconf 78' lang='lat' dir='ltr'><strong>sanctiorem</strong></span> <span class='ocrx_word' id='word_1_42' title='bbox 1797 2879 1872 2923; x_wconf 90' lang='lat' dir='ltr'><strong>se</strong></span> <span class='ocrx_word' id='word_1_43' title='bbox 1895 2860 2333 2943; x_wconf 70' lang='lat' dir='ltr'><strong>eloquentiam</strong></span> <span class='ocrx_word' id='word_1_44' title='bbox 2353 2860 2594 2924; x_wconf 84' lang='lat' dir='ltr'><strong>sectari</strong></span> <span class='ocrx_word' id='word_1_45' title='bbox 2619 2877 2778 2942; x_wconf 88' lang='lat' dir='ltr'><strong>pro-</strong></span> 
     </span>
     <span class='ocr_line' id='line_1_12' title="bbox 566 2959 2782 3046; baseline -0.001 -20"><span class='ocrx_word' id='word_1_46' title='bbox 566 2961 805 3028; x_wconf 88' lang='lat' dir='ltr'><strong>fitetur.</strong></span> <span class='ocrx_word' id='word_1_47' title='bbox 846 2963 1021 3026; x_wconf 80' lang='grc'>5-’7</span> <span class='ocrx_word' id='word_1_48' title='bbox 1030 3009 1045 3026; x_wconf 96' lang='grc'><strong>.</strong></span> <span class='ocrx_word' id='word_1_49' title='bbox 1078 2960 1291 3028; x_wconf 90' lang='lat' dir='ltr'><strong>Instat</strong></span> <span class='ocrx_word' id='word_1_50' title='bbox 1308 2959 1523 3046; x_wconf 86' lang='lat' dir='ltr'><strong>Aper,</strong></span> <span class='ocrx_word' id='word_1_51' title='bbox 1542 2967 1612 3026; x_wconf 86' lang='lat' dir='ltr'><strong>et</strong></span> <span class='ocrx_word' id='word_1_52' title='bbox 1630 2961 1944 3025; x_wconf 83' lang='lat' dir='ltr'><strong>oratoriae</strong></span> <span class='ocrx_word' id='word_1_53' title='bbox 1966 2963 2126 3026; x_wconf 87' lang='lat' dir='ltr'><strong>artis</strong></span> <span class='ocrx_word' id='word_1_54' title='bbox 2147 2961 2524 3038; x_wconf 81' lang='lat' dir='ltr'><strong>utilitatem,</strong></span> <span class='ocrx_word' id='word_1_55' title='bbox 2533 2961 2782 3044; x_wconf 82' lang='lat' dir='ltr'><strong>volup-</strong></span> 
     </span>
     <span class='ocr_line' id='line_1_13' title="bbox 566 3061 2782 3146; baseline -0.001 -18"><span class='ocrx_word' id='word_1_56' title='bbox 566 3070 792 3141; x_wconf 85' lang='lat' dir='ltr'><strong>tatem,</strong></span> <span class='ocrx_word' id='word_1_57' title='bbox 848 3063 1233 3144; x_wconf 83' lang='lat' dir='ltr'><strong>dignitatem</strong></span> <span class='ocrx_word' id='word_1_58' title='bbox 1262 3064 1596 3141; x_wconf 75' lang='lat' dir='ltr'><strong>celebrat,</strong></span> <span class='ocrx_word' id='word_1_59' title='bbox 1665 3062 1868 3146; x_wconf 83' lang='lat' dir='ltr'><strong>idque</strong></span> <span class='ocrx_word' id='word_1_60' title='bbox 1975 3061 2042 3130; x_wconf 82' lang='lat'><strong>8.</strong></span> <span class='ocrx_word' id='word_1_61' title='bbox 2089 3063 2401 3128; x_wconf 82' lang='lat' dir='ltr'><strong>Marcelli</strong></span> <span class='ocrx_word' id='word_1_62' title='bbox 2461 3063 2653 3146; x_wconf 90' lang='lat' dir='ltr'><strong>Eprii</strong></span> <span class='ocrx_word' id='word_1_63' title='bbox 2709 3067 2782 3126; x_wconf 85' lang='lat' dir='ltr'><strong>et</strong></span> 
     </span>
     <span class='ocr_line' id='line_1_14' title="bbox 564 3163 2781 3249; baseline -0.001 -20"><span class='ocrx_word' id='word_1_64' title='bbox 564 3163 789 3249; x_wconf 86' lang='lat' dir='ltr'><strong>Crispi</strong></span> <span class='ocrx_word' id='word_1_65' title='bbox 818 3165 1011 3231; x_wconf 88' lang='lat' dir='ltr'><strong>Vibii</strong></span> <span class='ocrx_word' id='word_1_66' title='bbox 1037 3165 1363 3248; x_wconf 84' lang='lat' dir='ltr'><strong>exemplis</strong></span> <span class='ocrx_word' id='word_1_67' title='bbox 1394 3167 1828 3248; x_wconf 82' lang='lat' dir='ltr'><strong>comprobat3</strong></span> <span class='ocrx_word' id='word_1_68' title='bbox 1917 3166 1984 3230; x_wconf 89' lang='grc'><strong>9.</strong></span> <span class='ocrx_word' id='word_1_69' title='bbox 2031 3171 2266 3231; x_wconf 87' lang='lat' dir='ltr'><strong>contra</strong></span> <span class='ocrx_word' id='word_1_70' title='bbox 2293 3165 2592 3231; x_wconf 84' lang='lat' dir='ltr'><strong>carmina</strong></span> <span class='ocrx_word' id='word_1_71' title='bbox 2629 3164 2781 3249; x_wconf 83' lang='lat' dir='ltr'><strong>dig-</strong></span> 
     </span>
     <span class='ocr_line' id='line_1_15' title="bbox 563 3265 2784 3343; baseline 0.001 -13"><span class='ocrx_word' id='word_1_72' title='bbox 563 3267 767 3330; x_wconf 82' lang='lat' dir='ltr'><strong>nitate</strong></span> <span class='ocrx_word' id='word_1_73' title='bbox 812 3269 879 3328; x_wconf 91' lang='lat' dir='ltr'><strong>et</strong></span> <span class='ocrx_word' id='word_1_74' title='bbox 922 3265 1209 3330; x_wconf 83' lang='lat' dir='ltr'><strong>utilitate</strong></span> <span class='ocrx_word' id='word_1_75' title='bbox 1240 3265 1532 3343; x_wconf 85' lang='lat' dir='ltr'><strong>destitui,</strong></span> <span class='ocrx_word' id='word_1_76' title='bbox 1571 3285 1694 3330; x_wconf 91' lang='lat' dir='ltr'><strong>nec</strong></span> <span class='ocrx_word' id='word_1_77' title='bbox 1743 3266 1874 3331; x_wconf 85' lang='lat' dir='ltr'><strong>nisi</strong></span> <span class='ocrx_word' id='word_1_78' title='bbox 1919 3266 2186 3332; x_wconf 87' lang='lat' dir='ltr'><strong>laudem</strong></span> <span class='ocrx_word' id='word_1_79' title='bbox 2221 3269 2488 3332; x_wconf 86' lang='lat' dir='ltr'><strong>inanem</strong></span> <span class='ocrx_word' id='word_1_80' title='bbox 2516 3267 2682 3332; x_wconf 84' lang='lat' dir='ltr'><strong>dare</strong></span> <span class='ocrx_word' id='word_1_81' title='bbox 2711 3275 2784 3333; x_wconf 85' lang='lat' dir='ltr'><strong>et</strong></span> 
     </span>
     <span class='ocr_line' id='line_1_16' title="bbox 562 3365 2784 3453; baseline 0.001 -21"><span class='ocrx_word' id='word_1_82' title='bbox 562 3365 879 3450; x_wconf 81' lang='lat' dir='ltr'><strong>gaudium</strong></span> <span class='ocrx_word' id='word_1_83' title='bbox 920 3367 1215 3432; x_wconf 74' lang='lat' dir='ltr'><strong>volucre.</strong></span> <span class='ocrx_word' id='word_1_84' title='bbox 1306 3367 1535 3432; x_wconf 87' lang='lat' dir='ltr'><strong>Laude</strong></span> <span class='ocrx_word' id='word_1_85' title='bbox 1562 3368 1832 3451; x_wconf 83' lang='lat' dir='ltr'><strong>dignam</strong></span> <span class='ocrx_word' id='word_1_86' title='bbox 1861 3387 2012 3433; x_wconf 83' lang='lat' dir='ltr'><strong>esse</strong></span> <span class='ocrx_word' id='word_1_87' title='bbox 2037 3369 2452 3453; x_wconf 80' lang='lat' dir='ltr'><strong>Vespasiani</strong></span> <span class='ocrx_word' id='word_1_88' title='bbox 2475 3368 2784 3434; x_wconf 80' lang='lat' dir='ltr'><strong>liberali-</strong></span> 
     </span>
     <span class='ocr_line' id='line_1_17' title="bbox 564 3466 2780 3555; baseline 0.001 -22"><span class='ocrx_word' id='word_1_89' title='bbox 564 3473 767 3533; x_wconf 86' lang='lat' dir='ltr'><strong>tatem</strong></span> <span class='ocrx_word' id='word_1_90' title='bbox 816 3466 888 3530; x_wconf 89' lang='lat' dir='ltr'><strong>in</strong></span> <span class='ocrx_word' id='word_1_91' title='bbox 938 3473 1165 3533; x_wconf 81' lang='lat' dir='ltr'><strong>vatem</strong></span> <span class='ocrx_word' id='word_1_92' title='bbox 1218 3469 1516 3533; x_wconf 89' lang='lat' dir='ltr'><strong>Saleium</strong></span> <span class='ocrx_word' id='word_1_93' title='bbox 1563 3468 1894 3552; x_wconf 82' lang='lat' dir='ltr'><strong>Bassum3</strong></span> <span class='ocrx_word' id='word_1_94' title='bbox 1939 3471 2280 3555; x_wconf 86' lang='lat' dir='ltr'><strong>pulchrius</strong></span> <span class='ocrx_word' id='word_1_95' title='bbox 2321 3477 2546 3536; x_wconf 84' lang='lat' dir='ltr'><strong>tamen</strong></span> <span class='ocrx_word' id='word_1_96' title='bbox 2593 3490 2780 3549; x_wconf 84' lang='lat' dir='ltr'><strong>esse,</strong></span> 
     </span>
     <span class='ocr_line' id='line_1_18' title="bbox 562 3569 2780 3658; baseline 0.002 -25"><span class='ocrx_word' id='word_1_97' title='bbox 562 3569 692 3634; x_wconf 86' lang='lat' dir='ltr'><strong>sibi</strong></span> <span class='ocrx_word' id='word_1_98' title='bbox 721 3569 858 3653; x_wconf 89' lang='lat' dir='ltr'><strong>ipsi</strong></span> <span class='ocrx_word' id='word_1_99' title='bbox 883 3570 1267 3653; x_wconf 87' lang='lat' dir='ltr'><strong>prospicere</strong></span> <span class='ocrx_word' id='word_1_100' title='bbox 1288 3577 1355 3636; x_wconf 86' lang='lat' dir='ltr'><strong>et</strong></span> <span class='ocrx_word' id='word_1_101' title='bbox 1376 3591 1571 3636; x_wconf 88' lang='lat' dir='ltr'><strong>suum</strong></span> <span class='ocrx_word' id='word_1_102' title='bbox 1595 3574 1860 3654; x_wconf 84' lang='lat' dir='ltr'><strong>genium</strong></span> <span class='ocrx_word' id='word_1_103' title='bbox 1882 3573 2268 3658; x_wconf 80' lang='lat' dir='ltr'><strong>propitiare.</strong></span> <span class='ocrx_word' id='word_1_104' title='bbox 2357 3571 2510 3637; x_wconf 90' lang='lat' dir='ltr'><strong>Nec</strong></span> <span class='ocrx_word' id='word_1_105' title='bbox 2531 3573 2780 3657; x_wconf 80' lang='lat' dir='ltr'><strong>volup·</strong></span> 
     </span>
     <span class='ocr_line' id='line_1_19' title="bbox 560 3672 2782 3759; baseline 0.001 -24"><span class='ocrx_word' id='word_1_106' title='bbox 560 3673 719 3736; x_wconf 85' lang='lat' dir='ltr'><strong>tatis</strong></span> <span class='ocrx_word' id='word_1_107' title='bbox 764 3672 1125 3754; x_wconf 85' lang='lat' dir='ltr'><strong>quicquam</strong></span> <span class='ocrx_word' id='word_1_108' title='bbox 1175 3674 1481 3756; x_wconf 81' lang='lat' dir='ltr'><strong>praebere</strong></span> <span class='ocrx_word' id='word_1_109' title='bbox 1529 3675 1890 3758; x_wconf 66' lang='lat' dir='ltr'><strong>poeticam,</strong></span> <span class='ocrx_word' id='word_1_110' title='bbox 1938 3677 2192 3759; x_wconf 87' lang='lat' dir='ltr'><strong>quippe</strong></span> <span class='ocrx_word' id='word_1_111' title='bbox 2221 3675 2490 3739; x_wconf 80' lang='lat' dir='ltr'><strong>vatibus</strong></span> <span class='ocrx_word' id='word_1_112' title='bbox 2517 3675 2588 3738; x_wconf 87' lang='lat' dir='ltr'><strong>in</strong></span> <span class='ocrx_word' id='word_1_113' title='bbox 2614 3674 2782 3739; x_wconf 89' lang='lat' dir='ltr'><strong>soli-</strong></span> 
     </span>
     <span class='ocr_line' id='line_1_20' title="bbox 562 3771 2778 3860; baseline 0.002 -24"><span class='ocrx_word' id='word_1_114' title='bbox 562 3771 846 3836; x_wconf 84' lang='lat' dir='ltr'><strong>tudinem</strong></span> <span class='ocrx_word' id='word_1_115' title='bbox 917 3772 1006 3837; x_wconf 88' lang='lat' dir='ltr'><strong>sit</strong></span> <span class='ocrx_word' id='word_1_116' title='bbox 1077 3773 1544 3854; x_wconf 87' lang='lat' dir='ltr'><strong>secedendum,</strong></span> <span class='ocrx_word' id='word_1_117' title='bbox 1635 3776 1744 3842; x_wconf 88' lang='grc'><strong>10.</strong></span> <span class='ocrx_word' id='word_1_118' title='bbox 1789 3781 1929 3840; x_wconf 86' lang='lat' dir='ltr'><strong>tum</strong></span> <span class='ocrx_word' id='word_1_119' title='bbox 1995 3776 2236 3860; x_wconf 68' lang='lat' dir='ltr'><strong>poetas</strong></span> <span class='ocrx_word' id='word_1_120' title='bbox 2297 3795 2447 3840; x_wconf 89' lang='lat' dir='ltr'><strong>esse</strong></span> <span class='ocrx_word' id='word_1_121' title='bbox 2502 3775 2778 3841; x_wconf 81' lang='lat' dir='ltr'><strong>offensis</strong></span> 
     </span>
     <span class='ocr_line' id='line_1_21' title="bbox 562 3870 2778 3960; baseline 0.001 -21"><span class='ocrx_word' id='word_1_122' title='bbox 562 3870 913 3940; x_wconf 78' lang='lat' dir='ltr'><strong>obnoxios.</strong></span> <span class='ocrx_word' id='word_1_123' title='bbox 1004 3871 1383 3939; x_wconf 78' lang='lat' dir='ltr'><strong>Maternum</strong></span> <span class='ocrx_word' id='word_1_124' title='bbox 1421 3876 1698 3960; x_wconf 86' lang='lat' dir='ltr'><strong>proinde</strong></span> <span class='ocrx_word' id='word_1_125' title='bbox 1725 3879 1972 3942; x_wconf 88' lang='lat' dir='ltr'><strong>rectius</strong></span> <span class='ocrx_word' id='word_1_126' title='bbox 1999 3883 2326 3957; x_wconf 85' lang='lat' dir='ltr'><strong>acturum,</strong></span> <span class='ocrx_word' id='word_1_127' title='bbox 2371 3878 2432 3942; x_wconf 91' lang='lat' dir='ltr'><strong>si</strong></span> <span class='ocrx_word' id='word_1_128' title='bbox 2461 3877 2550 3942; x_wconf 86' lang='lat' dir='ltr'><strong>ab</strong></span> <span class='ocrx_word' id='word_1_129' title='bbox 2575 3875 2778 3942; x_wconf 80' lang='lat' dir='ltr'><strong>audi-</strong></span> 
     </span>
     <span class='ocr_line' id='line_1_22' title="bbox 558 3973 2232 4045; baseline -0.001 -4"><span class='ocrx_word' id='word_1_130' title='bbox 558 3973 752 4041; x_wconf 82' lang='lat' dir='ltr'><strong>toriis</strong></span> <span class='ocrx_word' id='word_1_131' title='bbox 780 3979 849 4042; x_wconf 79' lang='lat' dir='ltr'><strong>et</strong></span> <span class='ocrx_word' id='word_1_132' title='bbox 876 3973 1145 4040; x_wconf 73' lang='lat' dir='ltr'><strong>thaan-is</strong></span> <span class='ocrx_word' id='word_1_133' title='bbox 1174 3977 1243 4040; x_wconf 89' lang='lat' dir='ltr'><strong>in</strong></span> <span class='ocrx_word' id='word_1_134' title='bbox 1270 3977 1487 4044; x_wconf 84' lang='lat' dir='ltr'><strong>forum</strong></span> <span class='ocrx_word' id='word_1_135' title='bbox 1508 3984 1577 4043; x_wconf 85' lang='lat' dir='ltr'><strong>et</strong></span> <span class='ocrx_word' id='word_1_136' title='bbox 1603 3978 1690 4043; x_wconf 88' lang='lat' dir='ltr'><strong>ad</strong></span> <span class='ocrx_word' id='word_1_137' title='bbox 1716 3997 1955 4044; x_wconf 83' lang='lat' dir='ltr'><strong>causas</strong></span> <span class='ocrx_word' id='word_1_138' title='bbox 1984 3979 2232 4045; x_wconf 88' lang='lat' dir='ltr'><strong>redeat.</strong></span> 
     </span>
    </p>

    <p class='ocr_par' dir='ltr' id='par_1_9' title="bbox 556 4074 2778 4268">
     <span class='ocr_line' id='line_1_23' title="bbox 647 4074 2778 4163; baseline 0.003 -24"><span class='ocrx_word' id='word_1_139' title='bbox 647 4075 923 4140; x_wconf 76' lang='lat'>11—13.</span> <span class='ocrx_word' id='word_1_140' title='bbox 972 4074 1317 4141; x_wconf 81' lang='lat' dir='ltr'><strong>Maternus</strong></span> <span class='ocrx_word' id='word_1_141' title='bbox 1375 4085 1604 4144; x_wconf 86' lang='lat' dir='ltr'><strong>contra</strong></span> <span class='ocrx_word' id='word_1_142' title='bbox 1654 4079 1946 4163; x_wconf 66' lang='lat' dir='ltr'><strong>poeticae</strong></span> <span class='ocrx_word' id='word_1_143' title='bbox 1998 4079 2296 4145; x_wconf 82' lang='lat' dir='ltr'><strong>studium</strong></span> <span class='ocrx_word' id='word_1_144' title='bbox 2343 4079 2778 4146; x_wconf 76' lang='lat' dir='ltr'><strong>securitatem</strong></span> 
     </span>
     <span class='ocr_line' id='line_1_24' title="bbox 556 4178 2776 4268; baseline 0.002 -22"><span class='ocrx_word' id='word_1_145' title='bbox 556 4182 879 4264; x_wconf 74' lang='lat' dir='ltr'><strong>praestare</strong></span> <span class='ocrx_word' id='word_1_146' title='bbox 928 4182 995 4243; x_wconf 82' lang='lat' dir='ltr'><strong>et</strong></span> <span class='ocrx_word' id='word_1_147' title='bbox 1038 4178 1503 4260; x_wconf 83' lang='lat' dir='ltr'><strong>innocentiam,</strong></span> <span class='ocrx_word' id='word_1_148' title='bbox 1544 4179 1866 4267; x_wconf 87' lang='lat' dir='ltr'><strong>majorem</strong></span> <span class='ocrx_word' id='word_1_149' title='bbox 1913 4199 2179 4267; x_wconf 87' lang='lat' dir='ltr'><strong>quoque</strong></span> <span class='ocrx_word' id='word_1_150' title='bbox 2221 4181 2520 4266; x_wconf 85' lang='lat' dir='ltr'><strong>gloriam,</strong></span> <span class='ocrx_word' id='word_1_151' title='bbox 2563 4199 2776 4268; x_wconf 84' lang='lat' dir='ltr'><strong>quam</strong></span> 
     </span>
    </p>
   </div>
  </div>
 </body>
</html>
