3175 4934
1289 418 1699 473 1311110609.

2404 408 2635 479 ΐ37ὓ1·

1393 652 1609 707 ΝΟΤΕ

457 764 550 815 Iar
579 764 692 829 jam
719 772 923 832 tempus
941 766 1098 819 tinem
1121 770 1259 819 notis
1289 770 1452 834 impo-

392 840 550 891 nendi
569 855 684 891 curu
707 844 843 907 Deo,
880 845 964 893 cui
986 844 1150 908 gloria
1172 853 1373 897 mter-na
1395 854 1452 896 et

391 914 594 967 infinita
635 919 723 981 sit,
769 921 864 969 nisi
906 920 1073 970 adbuc
1125 920 1452 973 discutienda

392 993 612 1057 questio
647 994 931 1059 videretur,
967 1010 1032 1045 an
1055 1010 1178 1045 vere
1215 996 1362 1047 Fabii
1383 999 1454 1047 sit

371 1067 474 1117 -bic
493 1066 749 1133 dialogus.
817 1072 994 1121 Quare
1015 1080 1070 1121 et
1091 1073 1176 1122 hic
1211 1074 1452 1123 nonnulle

388 1142 656 1206 addemus,
681 1162 746 1193 ex
769 1148 952 1211 quibus
979 1149 1122 1197 clare
1159 1154 1215 1198 et
1246 1149 1454 1199 eviden-

368 1224 470 1268 -ter
513 1222 772 1271 constabit
809 1237 922 1272 esse
956 1238 1135 1274 verum
1177 1226 1452 1288 genuinum

388 1301 446 1344 et
466 1310 766 1359 germanum
790 1314 919 1362 opus
940 1300 1264 1351 Quintiliani.
1314 1298 1450 1351 Nam

369 1376 534 1421 .certe
557 1388 710 1423 voces
733 1375 994 1438 simplices
1030 1375 1230 1425 eaedem
1259 1378 1450 1438 passim

387 1452 502 1497 toto
522 1449 618 1498 hoc
642 1450 774 1499 libro
805 1452 1050 1513 leguntur
1077 1451 1153 1500 ita
1173 1450 1450 1503 familiares

386 1526 442 1571 et
464 1525 690 1587 propriae
715 1526 867 1588 hujus
891 1527 1138 1588 auctoris,
1175 1534 1236 1577 ut
1273 1529 1358 1577 vix
1397 1530 1450 1578 in

387 1598 488 1647 allo
509 1600 617 1648 ullo
640 1602 986 1664 reperientur,
1025 1610 1084 1652 nt
1103 1603 1330 1665 meio,
1349 1606 1449 1667 sig-

383 1680 536 1738 nasse,
555 1678 733 1741 atique,
772 1680 1054 1740 intellectus,
1075 1695 1252 1740 senus,
1270 1682 1449 1745 prosec-

385 1755 486 1813 tu,
507 1751 702 1815 offensa,
721 1756 804 1815 ξε.
857 1755 944 1803 Ita
965 1761 1024 1804 ut
1047 1755 1172 1819 ipsae
1195 1771 1291 1819 pro
1313 1772 1451 1807 com-

384 1826 571 1888 positis
615 1842 756 1892 saepe
801 1836 1136 1893 usurpentur,
1174 1832 1312 1896 quod
1351 1833 1450 1895 ipsi

361 1942 372 1953 .
387 1904 673 1966 proprium.
739 1908 912 1955 Unum
934 1904 1072 1956 forte
1109 1914 1188 1957 est
1206 1908 1344 1972 qnod
1369 1924 1448 1959 re-

383 1986 596 2043 pugnet,
619 1988 710 2031 ant
730 1988 876 2033 certe
893 1998 1188 2047 repugnare
1208 1984 1448 2035 videntur

385 2055 538 2117 genio
575 2057 708 2107 illius
745 2060 990 2123 auctoris,
1009 2074 1198 2123 nempe
1237 2061 1446 2111 hilarior

383 2132 440 2178 et
458 2132 780 2183 exultantior
803 2149 988 2197 sermo,
1011 2141 1064 2185 et
1091 2142 1170 2186 tot
1189 2151 1346 2187 voces
1368 2152 1450 2201 sy-

380 2206 640 2270 nonymae,
682 2210 830 2272 quasi
861 2210 1012 2259 simul
1061 2217 1330 2275 congesta
1384 2226 1448 2261 ac

379 2288 572 2343 preter
593 2283 798 2333 modum
822 2282 1106 2335 affluentes.
1161 2287 1268 2336 Sed
1290 2302 1447 2338 causa

381 2352 504 2403 hinc
527 2361 626 2417 est,
647 2358 784 2421 quod
815 2358 1005 2409 Fabius·
1035 2361 1246 2424 juvenis
1277 2362 1446 2413 adbuc

383 2428 644 2493 dialogum
678 2432 816 2483 hunc
854 2436 1222 2497 composuerit,
1242 2445 1302 2487 et
1323 2438 1447 2501 quia

385 2510 492 2553 turn
537 2507 804 2570 precipue
845 2507 1076 2557 Tullium
1130 2514 1444 2573 eloquentia

383 2580 671 2645 principem
711 2588 768 2631 et
805 2597 1054 2633 summum
1093 2582 1302 2633 dicendi
1339 2600 1446 2635 me-

384 2654 600 2719 gisti-um
623 2656 866 2718 aemulari,
883 2655 1097 2720 referre,
1116 2664 1171 2708 et
1195 2660 1340 2709 velut
1361 2674 1448 2709 ex-

288 2742 297 2747 ·
380 2730 607 2780 scribere
630 2732 867 2795 gestiret.
934 2734 1004 2782 Et
1041 2742 1184 2783 certe
1205 2735 1282 2785 sic
1317 2739 1446 2787 mul-

384 2813 468 2855 tus
486 2807 675 2870 passim
690 2808 876 2858 Cicero
892 2807 944 2856 in
962 2810 1256 2873 synonymis
1276 2825 1448 2863 cumu-

381 2880 566 2931 landis.
633 2882 720 2931 Sic
759 2883 928 2946 Epist.
965 2884 1032 2932 ad
1075 2882 1195 2935 fam.
1239 2898 1321 2936 11.
1362 2892 1446 2938 28.

383 2958 400 2985 ⁴
423 2953 686 3007 'Constitui
721 2958 786 3008 ad
829 2965 882 3007 te
918 2959 1114 3022 venire,
1137 2966 1198 3011 ut
1229 2968 1285 3013 et
1303 2963 1445 3015 ‘vide-

381 3046 492 3083 rem
535 3040 607 3096 te,
641 3043 698 3084 et
721 3034 978 3086 viserem!
1044 3037 1154 3086 Pro
1187 3036 1340 3088 domo
1361 3044 1444 3089 2⁷.

380 3111 397 3138 ⁸
423 3110 528 3159 Qui
571 3124 703 3159 mete
739 3110 895 3159 saluti
932 3125 1084 3175 opem
1121 3120 1178 3163 et
1199 3114 1442 3164 auxilium

383 3184 614 3234 tulisset?
671 3187 742 3235 Et
773 3185 840 3235 de
862 3193 992 3239 orat.
1045 3186 1064 3215 ‘
1086 3188 1276 3253 Neque
1320 3205 1445 3240 vero

381 3260 532 3309 nobis
553 3262 882 3323 cupientibus
904 3268 1060 3328 atque
1073 3267 1444 3329 exoptantibus

379 3334 584 3385 fructus
617 3337 714 3385 otii
746 3338 896 3407 datus
931 3340 1049 3389 est.'
1107 3340 1246 3393 Ibid.
1284 3344 1301 3371 ‘
1323 3342 1444 3394 Jam

379 3426 506 3462 vero
529 3413 748 3463 consilio
785 3429 849 3464 ac
879 3416 1134 3479 sapientia
1155 3419 1244 3482 qui
1263 3434 1447 3482 regere

357 3502 446 3537 .ac
469 3488 761 3552 gubernare
795 3490 1052 3554 Rempub.
1080 3494 1325 3556 possent:
1345 3498 1444 3545 διο.

381 3564 500 3615 Lib.
542 3580 620 3617 nr.
659 3566 712 3615 in
748 3568 996 3617 Verrem:
1029 3567 1046 3594 ‘
1069 3568 1212 3620 Quas
1241 3570 1444 3620 illorum

379 3642 720 3704 querimonias
759 3643 1245 3707 nolite..aspernari‚
1285 3647 1448 3697 nolite

377 3723 716 3767 contemnere
757 3734 820 3769 ac
865 3720 1170 3783 negligere-⁹
1217 3722 1445 3788 Philipp.

375 3796 427 3841 ⁶.
460 3792 476 3819 ‘
503 3792 732 3855 Major-es
769 3796 956 3859 nostri,
981 3804 1186 3847 veteres
1221 3798 1318 3858 illi,
1353 3799 1442 3848 ad-

375 3866 586 3915 modum
633 3869 832 3930 antiqui
885 3870 1030 3933 leges
1077 3873 1286 3922 annales
1339 3888 1442 3923 non

373 3940 670 3992 habebant!
723 3944 804 3993 De
851 3947 1006 3996 Univ.
1043 3952 1124 3997 ⁸4.
1174 3949 1190 3975 ⁴
1214 3949 1442 4000 Creden-

376 4017 498 4067 dum
521 4020 766 4067 nimirum
785 4027 866 4069 est
885 4023 1146 4072 veteribus
1175 4031 1232 4073 et
1263 4025 1442 4087 priscis

374 4094 591 4145 ...vii-is!
645 4094 816 4158 Epist.
839 4108 902 4145 ιι.
928 4100 1009 4147 21.
1046 4100 1060 4126 ⁶
1085 4098 1240 4149 Hanc
1278 4102 1440 4164 ipsam

377 4176 642 4222 recentem
699 4184 884 4223 novam
941 4170 1248 4224 devoravit-³
1335 4176 1441 4226 Pro

373 4244 568 4299 rimo
616 4250 696 4297 12.
747 4246 764 4275 ⁶
787 4247 932 4313 Lege
986 4247 1086 4299 hac
1135 4252 1336 4303 recenti
1385 4260 1444 4303 et

1531 768 1701 821 nova!
1736 768 1881 821 Fam.
1918 781 1959 819 1.
2000 773 2050 819 9.
2099 768 2115 797 ⁶
2140 766 2331 817 Rerum
2368 766 2595 832 denique

1533 848 1759 895 onmium
1798 846 1993 895 socium
2050 842 2393 906 comitemque
2435 842 2594 893 habc-

1533 920 1651 971 bis.’
1718 922 1803 970 Sic
1840 928 1896 971 et
1931 919 2055 968 alibi
2092 919 2297 982 passim.
2351 918 2439 967 Sic
2468 932 2595 981 ergo

1535 997 1839 1047 ciceronem
1896 996 2237 1048 aemulabatur
2292 994 2482 1045 Fabius
2536 996 2593 1045 in
2630 1030 2639 1041 .

1533 1072 1777 1137 Dialogo.
1798 1073 1832 1123 J
1839 1072 1986 1122 unior
2009 1079 2179 1120 autem
2202 1070 2415 1134 scripsit
2438 1070 2599 1121 dialo-

1533 1160 1673 1210 gum,
1710 1147 1934 1209 ipsomet
1970 1152 2122 1203 teste,
2152 1160 2265 1194 cnm
2306 1146 2417 1195 scil.
2449 1145 2596 1209 quin·

1533 1234 1788 1287 quennem
1824 1221 1989 1271 filium
2033 1221 2221 1271 amisit.
2291 1222 2449 1271 Forte
2482 1222 2596 1285 ipse

1532 1302 1643 1347 tum
1667 1298 1915 1359 attigerat
1948 1302 2049 1347 25.-
2067 1305 2171 1352 aut,
2190 1297 2505 1359 trigesimum
2528 1312 2596 1349 υ-

1533 1372 1657 1421 tatis
1694 1386 1907 1423 annum:
1942 1387 2101 1437 quare
2140 1371 2475 1435 profluentius·
2510 1372 2596 1422 hle

1531 1462 1719 1511 sermo,
1761 1442 1821 1498 et
1864 1449 2009 1511 quasi
2052 1448 2240 1511 passim
2286 1448 2595 1500 luxuriatur.

1531 1524 1689 1575 Quod
1712 1538 1811 1572 non
1836 1524 2019 1572 mirum
2039 1524 2091 1572 in
2117 1524 2314 1587 juvene
2338 1524 2596 1575 excellen-

1527 1598 1675 1649 tioris
1696 1599 1881 1649 indolis
1904 1614 1965 1649 ac
1987 1600 2119 1662 spei.
2154 1599 2379 1663 Ipseque
2402 1598 2595 1651 Fabius

1529 1675 1584 1725 id
1626 1681 1871 1737 testatur,
1906 1682 1963 1724 et
2000 1674 2259 1738 approbet
2300 1676 2353 1722 in
2383 1688 2439 1722 se
2462 1674 2595 1725 etin

1531 1751 1664 1800 aliis.
1731 1752 1819 1801 Sic
1838 1752 1925 1801 ille
1947 1752 1981 1799 l.
2009 1764 2084 1799 xi.
2111 1756 2157 1799 1.
2192 1753 2208 1778 ⁴
2236 1749 2412 1812 Ipsum
2436 1751 2593 1801 etiam

1530 1826 1841 1891 eloquentiae
1885 1840 2045 1889 genus
2080 1826 2208 1875 alios
2242 1826 2380 1875 aliud
2419 1826 2595 1878 dccet.

1533 1904 1671 1953 Nam
1696 1918 1862 1966 neque
1884 1910 1989 1953 tarn
2028 1904 2235 1965 plenum
2270 1908 2325 1951 et
2359 1907 2592 1973 erectum

1527 1986 1586 2029 et
1626 1976 1805 2029 audax'
1828 1987 1887 2029 et
1906 1980 2211 2042 praealtum
2235 1977 2445 2028 senibus
2470 1993 2593 2028 con·

1515 2056 1747 2119 ¹venerit,
1767 2070 1921 2120 quam
1944 2070 2175 2119 pressum
2214 2062 2271 2105 et
2308 2054 2435 2104 mite
2456 2061 2513 2103 et
2531 2054 2594 2103 li-

1525 2139 1741 2196 matum,
1758 2140 1813 2181 et
1831 2134 1981 2197 quale
2021 2132 2241 2193 intelligi
2261 2132 2373 2180 vult
2388 2131 2593 2193 Cicero,

1526 2219 1645 2257 cnm
1690 2208 1819 2259 dicit
1860 2208 2143 2261 orationem
2184 2222 2328 2258 snam
2370 2208 2591 2271 cepisse

1525 2297 1835 2335 canescere:
1866 2284 2003 2333 sicut
2017 2282 2245 2333 vestibus
2261 2296 2466 2346 quoque
2488 2296 2592 2334 non

1527 2372 1759 2423 purpura
1810 2372 2071 2422 coccoque
2132 2356 2451 2420 fulgentibus
2504 2356 2595 2407 illa

1527 2442 1657 2485 aetas
1700 2434 1823 2485 satis
1864 2440 1989 2498 apta
2026 2434 2113 2483 sit.
2204 2432 2266 2481 ln
2310 2432 2591 2495 juvenibus

1525 2509 1684 2556 etiam
1707 2509 1950 2558 uberiora
1988 2508 2161 2571 paulo,
2198 2514 2255 2556 et
2285 2521 2433 2570 paene
2458 2506 2593 2569 peri·

1526 2578 1765 2630 clitnntia
1802 2579 2072 2629 feruntur!
2134 2582 2221 2631 Sic
2260 2588 2317 2631 et
2356 2582 2394 2629 l.
2413 2594 2515 2630 ιιι.
2541 2586 2589 2632 1.

1528 2657 1597 2707 de
1617 2656 1821 2709 Tullio:
1856 2658 1872 2685 ‘
1898 2657 2205 2721 Quanquam
2225 2658 2361 2707 enim
2382 2658 2591 2709 stetisse

1527 2734 1698 2797 ipsum
1735 2734 1789 2783 in
1827 2731 2037 2797 fastigio
2059 2733 2370 2796 eloquentiae
2402 2732 2594 2797 fateor,

1525 2824 1588 2859 ac
1620 2810 1709 2857 vix
1732 2808 1859 2873 quid
1896 2810 2055 2873 adjici
2087 2810 2337 2872 potuerit,
2369 2810 2597 2875 invenio,

1528 2884 1750 2935 fortasse
1786 2884 2110 2947 inventurus,
2146 2885 2271 2949 quid
2306 2884 2472 2934 adhuc
2501 2884 2593 2935 ab·

1523 2962 1796 3011 scissuram
1822 2966 2002 3025 putem
2020 2959 2199 3021 fuisse,
2215 2961 2353 3024 (nam
2376 2958 2491 3010 fere
2514 2962 2593 3012 sie

1525 3037 1669 3091 docti
1698 3038 2086 3103 judicaverunt,
2120 3037 2397 3100 plurimum
2435 3038 2489 3087 in
2527 3054 2591 3089 eo

1525 3114 1796 3178 virtutum,
1813 3114 2043 3165 nonnihil
2059 3113 2219 3163 fuisse
2238 3114 2483 3163 vitiorum
2495 3131 2510 3162 2
2534 3121 2593 3165 et

1525 3206 1582 3241 se
1616 3193 1731 3256 ipse
1762 3192 1926 3243 multa
1963 3206 2031 3241 ex
2068 3190 2161 3240 illa
2188 3190 2407 3252 juvenili
2432 3190 2594 3240 abun-

1525 3268 1708 3319 dantia
1746 3269 2039 3319 coercuisse
2082 3272 2309 3319 testatur
2323 3263 2365 3330 ς)
2417 3273 2591 3319 tamen

1525 3344 1729 3410 quando
1748 3358 1849 3393 nec
1872 3342 2119 3407 sapientis
2140 3342 2243 3392 sibi
2272 3355 2479 3405 nomen,
2498 3342 2594 3393 mi-

1525 3421 1661 3470 nime
1684 3420 1765 3468 sui
1786 3424 2095 3479 contemtor,
2126 3418 2361 3480 assernit,
2394 3425 2452 3468 et
2486 3434 2593 3471 me-

1522 3495 1621 3545 lius
1640 3495 1815 3544 dicere
1836 3500 1985 3543 certe
2004 3492 2129 3543 data
2147 3492 2379 3557 longiore
2402 3494 2513 3545 vita
2534 3502 2594 3546 et

1524 3576 1683 3621 atate
1702 3570 1767 3619 ad
1784 3569 2196 3633 componendum
2220 3571 2477 3621 securiore
2502 3586 2594 3635 po·

1524 3644 1749 3706 tuisset,'
1767 3649 1869 3696 διο.
1938 3645 2013 3695 At
2034 3661 2151 3697 cum
2174 3646 2361 3697 Fabius
2382 3662 2593 3711 compo·

1525 3722 1633 3771 suit
1652 3720 2009 3772 institutiones
2030 3724 2297 3785 oratorias,
2318 3738 2385 3773 ex
2407 3724 2592 3788 quibus

1525 3796 1734 3861 genium
1756 3797 1871 3860 ejus
1890 3796 2196 3859 dignoscere
2212 3808 2273 3849 et
2292 3813 2591 3863 comparare

1523 3887 1643 3923 cum
1668 3874 1870 3937 dialogo
1888 3874 2272 3936 constituimus,
2284 3876 2397 3938 ,iem
2416 3876 2591 3926 senior

1519 3950 1643 4011 fuit,
1654 3951 1767 4014 jam
1790 3952 2013 4013 gravior,
2040 3952 2151 4013 jam
2175 3958 2405 4001 maturus
2426 3952 2593 4016 aunis,

1523 4032 1579 4075 et
1601 4033 1711 4075 tum
1735 4040 1830 4089 par
1851 4027 2009 4076 etiam
2028 4026 2193 4074 oratio
2211 4026 2327 4088 ejus
2348 4042 2439 4076 seu
2453 4042 2587 4092 pra-

1521 4102 1699 4165 ceptio
1721 4100 1837 4153 fuit.
1905 4101 2177 4150 Proeterea
2196 4101 2349 4166 longe
2385 4103 2487 4153 alia
2508 4118 2590 4157 ra·

1523 4178 1599 4227 tio
1635 4186 1717 4227 est
1752 4178 2151 4243 elegantissima
2182 4178 2445 4239 orationis,
2484 4192 2589 4243 qua

1517 4254 1791 4319 loquentes
1808 4254 2125 4307 inducuntur
2154 4254 2477 4307 celeberrimi
2496 4252 2591 4310 bu·
