3175 4934
590 388 768 457 3494

593 548 664 613 in
707 548 1144 631 sauguinem,⁶
1198 548 1607 612 Procurator
1654 548 1727 611 in
1756 550 1959 613 bona⁸
2006 548 2321 613 saeviret.¹
2416 547 2639 631 AEque
2666 548 2811 613 dis-⁹

595 651 890 715 cordiam
920 649 1464 732 Praepositorum,
1507 669 1701 731 oeque
1730 648 2176 724 concordiam,
2206 648 2531 733 subjectis
2556 649 2817 715 exitio-7

594 770 773 817 saxu:
821 752 1089 816 alterius
1145 770 1403 828 manuS,
1451 750 1916 817 Centuriones²
1942 748 1963 787 f
2004 752 2302 828 alteriuS,
2354 751 2493 817 vim
2540 756 2607 815 et
2644 770 2815 815 con·-

1304 406 1369 451 c.
1417 404 1789 453 commui
1838 404 2097 455 'raeiri

594 912 890 975 imminere;
924 930 953 964 e
975 916 1158 980 quibus
1193 917 1396 981 legatus
1431 932 1685 981 cruorem,
1724 924 2031 982 procurator
2052 932 2179 981 opes
2210 915 2545 965 exhauriret:
2583 916 2803 979 perinde

595 978 962 1028 dissensionem
989 979 1373 1043 praefectorum,
1396 982 1611 1046 perinde
1633 989 1688 1031 et
1710 996 2015 1032 consensum
2039 996 2217 1043 eorum,
2250 980 2469 1029 subditis
2488 980 2807 1029 exitiabilem

597 1058 727 1093 esse:
761 1044 975 1094 alterius
1018 1060 1220 1110 manus,
1258 1047 1620 1107 centuriones;
1656 1048 1867 1097 alterius
1907 1046 2197 1096 violentiam
2236 1052 2292 1094 et
2322 1044 2549 1095 ludibria
2586 1044 2807 1095 sociare.

1524 1170 1878 1190 OOOOOOOOOOOO

663 1256 688 1301 1
727 1252 915 1303 Mallet
937 1254 1016 1303 Cl.
1039 1255 1310 1316 Ernestus,
1345 1269 1372 1303 e
1392 1255 1557 1319 quihus
1586 1256 1797 1315 legatum
1822 1288 1835 1301 .
1856 1286 1868 1303 .
1888 1286 1904 1303 .
1920 1254 2090 1303 saeot're
2100 1269 2121 1309 ,·
2154 1252 2240 1301 vel
2278 1268 2306 1301 e
2324 1250 2493 1315 quibus
2513 1252 2697 1313 leg-etus
2716 1284 2731 1299 .
2750 1286 2763 1301 .
2788 1284 2805 1301 .

595 1317 878 1367 moiun—2
912 1317 1200 1380 Perper-am
1223 1318 1478 1369 editiones
1499 1326 1726 1377 veteres,
1758 1319 1955 1367 αἰωνίου
1968 1332 2131 1366 monus
2152 1316 2459 1375 centurionis,
2478 1316 2674 1364 alterius
2692 1316 2808 1377 cius,

596 1384 678 1493 ζ.
709 1387 766 1430 et
801 1382 876 1431 sic
909 1382 1121 1432 edidere
1159 1383 1390 1449 Ryckius
1414 1392 1468 1434 et
1489 1383 1807 1433 Gronovius.
1874 1382 1979 1431 Alii
2018 1382 2192 1443 aliter,
2232 1387 2289 1431 et
2323 1380 2547 1444 pessime
2569 1378 2813 1429 emenda«

670 1450 744 1495 nt.
831 1447 1054 1509 Egregie
1098 1448 1409 1509 Gronovius,
1442 1462 1558 1497 cum
1590 1448 1702 1510 jam
1744 1446 2071 1495 emendatum
2111 1453 2267 1509 esset,
2302 1446 2611 1505 centuriones,
2640 1444 2809 1493 locum

600 1508 848 1571 restitnit,
889 1510 1068 1561 addita
1107 1510 1444 1563 distinctione
1477 1517 1597 1575 post
1632 1526 1812 1560 monus.
1880 1510 2079 1559 Passim
2115 1519 2288 1559 autem
2310 1510 2365 1558 in
2386 1507 2725 1572 scriptoribus
2749 1520 2811 1557 ac

1575 1648 1798 1699 NOTAE

601 1770 723 1819 pars
739 1756 1061 1822 Britannia&
1081 1760 1130 1811 in
1145 1760 1429 1825 provinciae
1449 1759 1669 1811 formam
1748 1776 1875 1821 rum,
1910 1760 2006 1811 vim
2040 1764 2083 1809 et
2109 1758 2409 1809 contumelias
2440 1757 2651 1807 miscere.
2720 1756 2816 1807 Le-

599 1831 1316 1897 redactsesset3autinterim
1330 1837 1452 1886 dum
1468 1837 1671 1901 redige·
1748 1842 1899 1897 gatus
1922 1834 2147 1899 quidem,
2182 1833 2439 1898 inquiunt,
2474 1846 2653 1881 manus
2678 1832 2815 1881 mili-

601 1914 766 1969 retur,
789 1924 917 1958 unus
941 1912 1298 1962 tautummodo
1321 1913 1518 1975 legatus
1553 1912 1671 1963 mit·

603 1983 832 2046 tebatur,
850 1986 1126 2049 praetorius
1145 1995 1234 2037 aut
1257 1988 1558 2050 consularis,
1579 1988 1667 2051 qni

602 2060 949 2123 provinciales
971 2071 1022 2111 et
1047 2065 1208 2113 socios
1234 2065 1542 2124 contineret,
1577 2070 1667 2113 aut

601 2136 824 2186 rebelles
849 2138 1100 2188 domaret.
1169 2141 1271 2200 Sic,
1291 2142 1306 2166 ⁴
1326 2139 1667 2189 consularium

600 2212 796 2275 primus
816 2212 979 2263 Aulus
999 2216 1240 2266 Plautius
1259 2217 1587 2279 praepositus,
1606 2232 1667 2266 ac

601 2287 820 2337 subinde
847 2289 1122 2338 Ostorius!
1191 2292 1264 2340 At
1305 2302 1486 2355 postea
1507 2294 1667 2341 etiam

603 2364 787 2413 missus
812 2373 887 2414 est
912 2374 1239 2430 procurator,
1257 2368 1344 2432 qui
1362 2367 1667 2429 fiscum‚seu

602 2452 712 2487 rem
737 2436 1043 2489 familiarem
1069 2442 1320 2505 principis
1344 2442 1667 2492 administra-

603 2524 718 2577 ret;
753 2523 811 2564 ut
849 2516 900 2565 in
923 2519 1041 2567 aliis
1076 2518 1354 2583 provinciis
1380 2522 1582 2585 pacatis
1607 2530 1669 2569 a‘c

605 2590 911 2652 tributariis,
958 2608 1049 2642 seu
1089 2593 1454 2657 stipendiariis.
1539 2596 1671 2645 Tum

603 2666 753 2716 simul
770 2683 887 2717 cum
908 2670 1092 2732 legatis
1113 2678 1170 2719 et
1193 2671 1264 2719 illi
1289 2679 1671 2735 procuratores,

603 2756 700 2807 per
744 2745 1012 2795 avaritiam
1059 2755 1111 2796 et
1156 2746 1408 2796 saevitiam
1449 2748 1671 2812 superbe

603 2820 1000 2885 grassabantur3
1037 2836 1194 2887 quare
1220 2830 1276 2871 et
1299 2824 1430 2873 tales
1443 2823 1672 2873 homines

603 2895 796 2959 regibus
832 2897 914 2947 hic
955 2898 1242 2950 assimilant
1278 2902 1514 2965 oppressi
1557 2899 1673 2949 Bri-

606 2972 768 3020 tanni.
1349 3010 1358 3015 -

668 3046 691 3079 θ
725 3048 937 3111 Legum
979 3050 1032 3099 in
1073 3049 1371 3115 sanguinem]
1431 3050 1673 3100 Habebat

606 3122 743 3175 euim
779 3140 974 3173 merum
1007 3126 1298 3189 imperium,
1334 3126 1482 3188 cujus
1507 3127 1675 3191 major

605 3211 828 3267 pareest
854 3202 942 3264 jus
981 3202 1158 3263 gladii.
1226 3202 1362 3251 Vide
1401 3202 1675 3267 Cujacium

604 3275 640 3325 Ι.
665 3288 780 3325 xxi.
805 3276 1004 3325 observ.
1030 3291 1077 3325 c.
1102 3280 1184 3325 8⁰.

671 3354 694 3381 ⁰
725 3350 1014 3397 Procurator
1034 3348 1088 3399 iu
1119 3348 1260 3413 bono]
1307 3350 1384 3399 Ea
1406 3351 1542 3400 enim
1568 3359 1676 3401 tan-

605 3424 887 3483 tummodo,
931 3440 1048 3488 quae
1094 3424 1158 3475 ad
1203 3426 1380 3476 fiscum
1423 3427 1672 3493 principis

608 3498 951 3563 pertinerent,
996 3500 1258 3565 exigendi,
1298 3500 1468 3567 deque
1493 3504 1567 3552 eis
1585 3504 1676 3567 jus

607 3566 814 3626 dicendi
850 3582 1162 3639 potestatem
1187 3578 1428 3628 habebat.
1496 3578 1674 3645 Atque

607 3651 740 3701 adeo
774 3668 967 3716 praeses
991 3650 1055 3701 de
1092 3654 1329 3715 crimine,
1366 3662 1676 3721 procurator

609 3725 675 3778 de
700 3728 865 3792 bonis,
907 3743 1004 3777 non
1031 3728 1096 3778 de
1122 3729 1357 3791 crimine,
1397 3745 1677 3795 cognosce-

607 3804 698 3855 bat
737 3805 773 3852 Ι.
800 3817 838 3853 1.
873 3811 928 3852 et
951 3818 1012 3853 n.
1050 3806 1109 3855 C.
1146 3806 1235 3854 ubi
1277 3808 1402 3857 Cav.
1431 3806 1552 3860 fise.
1595 3809 1676 3856 vel

609 3878 713 3929 div.
738 3882 872 3953 dom.
941 3880 1095 3930 Aliud
1134 3890 1308 3932 tamen
1343 3881 1441 3931 fuit
1466 3883 1515 3930 in
1557 3898 1675 3946 pro·

607 3958 948 4019 curatoribus,
990 3958 1074 4021 qui
1097 3958 1198 4006 vice
1232 3958 1452 4021 presidis
1490 3955 1677 4021 functi,

607 4039 729 4097 post
749 4031 977 4083 edictum
1000 4034 1288 4097 praesertim
1313 4033 1532 4085 Claudii.
1565 4034 1674 4083 Vir-

659 4180 696 4247 !
709 4184 925 4233 Alterius
945 4196 1125 4247 monus,
1151 4182 1482 4246 Centuriones]
1505 4182 1676 4233 Corri-

613 4272 696 4321 go,
738 4260 940 4309 alterurn
979 4272 1162 4323 mm,
1203 4260 1525 4316 centurione25
1556 4260 1675 4311 ulte-

1750 1916 1861 1959 tum
1893 1918 1949 1959 et
1974 1909 2305 1959 centuriones
2328 1908 2559 1956 immittit
2579 1924 2595 1956 =
2631 1920 2815 1970 procu-

1748 1994 1893 2035 rator
1913 1987 2016 2034 vim
2039 1993 2094 2035 et
2116 1984 2453 2034 contumelias
2474 1980 2652 2032 infert.

1812 2062 2055 2112 Fortasse
2111 2060 2265 2111 etiam
2322 2060 2503 2108 melius
2530 2076 2543 2109 ε
2600 2058 2821 2108 Alter-nis

1746 2156 1927 2204 monus,
1981 2138 2273 2188 centuriones
2288 2154 2309 2195 ,-
2358 2137 2575 2199 anemis,
2626 2137 2721 2184 oin
2765 2140 2815 2184 et

1745 2217 2049 2265 eonem-elias
2068 2216 2258 2264 miscere
2274 2229 2294 2270 ,-
2322 2219 2379 2261 ut
2398 2212 2543 2271 velit,
2565 2225 2654 2260 eos
2675 2212 2818 2260 alter-

1746 2293 1838 2349 nis,
1860 2298 1913 2339 et
1938 2290 2291 2340 vicissitudine
2317 2288 2537 2352 quadam
2568 2286 2811 2335 saeviisse.

1749 2367 1915 2418 Immo
1959 2369 2099 2417 forte
2144 2368 2329 2417 etiam:
2388 2366 2585 2414 ulterius
2626 2378 2815 2425 munus,

1749 2448 2057 2494 centuriones.
2126 2442 2279 2493 Alter
2303 2442 2446 2490 velut
2482 2455 2576 2505 pro
2600 2454 2815 2490 munere

1750 2529 1809 2570 et
1834 2520 2095 2570 ordinaria
2129 2534 2289 2583 opera
2321 2518 2503 2579 habet,
2536 2516 2817 2566 inmittere

1750 2594 2075 2645 centuriones
2136 2603 2192 2645 et
2245 2593 2468 2643 milites:
2526 2593 2675 2655 alter,
2716 2594 2816 2643 dec.

1750 2670 1955 2733 Lipsius.

1816 2743 2030 2793 Alterius
2066 2758 2232 2791 manus
2261 2746 2552 2793 centuriones
2566 2759 2582 2791 :
2617 2742 2820 2791 atterius

1751 2818 1850 2869 eim
1887 2823 1935 2867 et
1981 2816 2305 2879 contumelias]
2361 2816 2594 2867 Affirmat
2632 2832 2819 2866 eorum

1754 2892 2082 2943 concordiam
2126 2892 2290 2957 (quod
2332 2892 2603 2942 absurdum
2646 2890 2823 2941 videri

1754 2966 1982 3034 poterat)
1998 2968 2157 3017 exitio
2176 2968 2379 3033 populis
2395 2966 2547 3018 fnisse
2564 2985 2577 3016 :
2600 2968 2823 3039 auxius,

1752 3060 1933 3108 monus,
1946 3046 2269 3105 centur-iona,-
2290 3046 2507 3109 ulterius,
2526 3046 2623 3097 vim
2642 3048 2690 3094 et
2705 3060 2823 3094 con-

1752 3122 1972 3169 ramelias
1993 3121 2204 3169 miscere.

1820 3196 2074 3245 Nimirum
2114 3210 2229 3245 cum
2267 3210 2454 3260 pravus
2493 3197 2694 3260 legatus
2737 3210 2823 3245 ea-

1755 3270 1872 3320 dem
1909 3272 2069 3321 sentit
2106 3286 2223 3323 cum
2259 3287 2422 3336 pravo
2464 3278 2827 3337 procuratore,

1756 3354 1976 3411 uterque
2000 3347 2205 3412 utrique
2228 3362 2319 3397 sua
2346 3348 2472 3411 jura
2494 3348 2825 3411 permittunt,

1754 3424 1908 3489 idque
1924 3438 2108 3487 magno
2122 3423 2521 3487 provincialium
2542 3421 2823 3471 detrimen-

1757 3506 1841 3550 to:
1880 3500 2080 3563 legatus
2102 3498 2236 3549 enim
2268 3498 2457 3547 milites
2488 3504 2544 3547 et
2566 3496 2825 3547 centurio·

1760 3590 1848 3625 nes
1863 3575 2155 3625 commodat
2179 3574 2523 3641 procuratori,
2536 3573 2623 3638 qui
2642 3563 2823 3623 seviat

1756 3652 1806 3701 iu
1847 3652 2241 3717 provincialium
2284 3650 2603 3716 sauguinem,
2644 3656 2825 3699 contra

1760 3735 2066 3793 procurator
2089 3729 2210 3778 sinit
2232 3730 2477 3793 legatum,
2499 3729 2600 3779 vim
2624 3734 2679 3776 et
2700 3719 2823 3776 con-3

1760 3805 1994 3853 tumelias
2017 3804 2155 3855 circa
2176 3811 2349 3871 raptus
2374 3812 2429 3855 et
2452 3804 2656 3869 praedas
2679 3794 2824 3853 exerss

1756 3896 1890 3931 cere.
1925 3882 2207 3933 Saline-rim.

1820 3958 2154 4022 Legendum:
2202 3958 2402 4007 alterius
2442 3973 2625 4019 manus,
2661 3958 2823 4006 eene-³

1752 4032 1909 4083 rienes
1944 4033 2140 4083 alter-ius
2159 4035 2255 4083 vim
2292 4038 2341 4083 et
2372 4034 2677 4083 contumelias
2710 4032 2824 4081 mis-

1753 4124 1874 4159 cere.
1962 4108 2187 4173 Nempe,
2236 4110 2340 4159 vim
2384 4115 2438 4157 et
2482 4108 2825 4173 contumelias

1754 4185 2060 4249 miscebant,
2083 4192 2139 4235 et
2160 4184 2269 4235 sine
2304 4184 2597 4235 discrimine
2620 4184 2825 4251 iugem.

1754 4260 1885 4311 bant
1904 4266 2179 4326 utrumque
2218 4262 2398 4326 gebus,
2428 4269 2487 4312 et
2508 4276 2675 4312 mus
2710 4258 2831 4327 pro-⁸

1836 4490 1871 4511 O
