3175 4934
586 370 778 477 ‘3453

1292 390 1361 437 0.
1406 385 1770 441 oommmt
1817 384 2080 437 'mom

1602 608 1816 659 NOTAE

665 752 1173 819 Modoutionisoetqne
1182 754 1486 805 abnndantia
1494 755 1664 819 duxit]

598 831 731 881 Sunt
752 830 840 895 qui
862 830 1167 881 abnndantia
1204 845 1383 881 vocem
1406 831 1666 895 interpre-

600 913 801 967 tentur,
836 904 1295 969 magnificentiam:
1331 907 1477 972 quasi
1516 907 1666 969 Agri·

600 982 719 1032 cola
772 981 980 1031 duxerit
1028 982 1196 1041 ludos,
1252 988 1666 1044 temperamento

601 1057 826 1123 quodam
873 1057 1120 1120 adhibito,
1163 1058 1301 1107 intra
1346 1057 1599 1108 terminus
1635 1070 1668 1105 a

600 1132 804 1181 ratione
824 1131 1295 1194 consuetudineque
1314 1130 1669 1194 praescriptos,

598 1222 664 1257 ac
708 1206 1033 1272 magnificum
1084 1206 1453 1270 liberalemque
1508 1219 1667 1268 appa-

600 1288 793 1334 ratum.

601 1400 615 1412 .
665 1360 781 1423 Ego
825 1373 949 1409 vero
988 1359 1123 1407 hanc
1162 1372 1265 1407 non
1301 1354 1461 1405 fnisse
1496 1354 1666 1405 Taciti

596 1441 827 1487 mentem
866 1434 1117 1485 arbitror:
1170 1432 1263 1483 sed
1298 1432 1664 1495 abunduntiam,

596 1508 664 1559 ad
687 1510 845 1573 ipsius
868 1508 1129 1572 Agricolae
1147 1522 1273 1571 opes
1296 1513 1352 1556 et
1376 1520 1485 1555 rem
1518 1504 1664 1555 fami·

596 1583 779 1632 llarem
815 1581 1024 1632 referri:
1062 1588 1121 1631 ut
1155 1583 1362 1633 scilicet
1400 1582 1547 1631 ludos
1584 1589 1665 1632 at-

599 1671 701 1722 que
724 1656 905 1707 inanes
935 1659 1150 1707 honores
1181 1657 1492 1721 exercuerit,
1510 1656 1664 1707 modo

599 1730 823 1795 quodam
854 1732 1208 1783 convenientis
1244 1733 1479 1795 rationis,
1500 1738 1554 1783 et
1586 1748 1666 1783 su·

600 1820 747 1857 arum
768 1803 1097 1857 facultatum.

665 1882 851 1931 Cicero
874 1883 961 1930 De
984 1882 1109 1945 Leg.
1144 1881 1235 1931 lib.
1272 1894 1335 1931 11.
1358 1880 1421 1931 de
1442 1880 1666 1931 liberali-

598 1963 713 2006 tate
756 1958 971 2022 loquens
1017 1958 1274 2021 precipit,
1324 1957 1341 1984 ‘
1364 1965 1425 2007 ut
1482 1958 1664 2009 modus

601 2034 926 2095 adhibeatur,
950 2037 1097 2100 isque
1121 2034 1377 2086 referatur
1407 2036 1477 2085 ad
1498 2033 1663 2085 facul-

600 2110 774 2161 rste&
837 2112 908 2161 Et
942 2110 1157 2161 inferius
1188 2110 1371 2161 eodem
1392 2110 1487 2159 lib.
1512 2110 1578 2160 de
1601 2111 1663 2161 iis

597 2188 725 2252 ipsis
746 2189 883 2239 ludis
904 2188 1219 2253 praescribit,
1236 2195 1297 2239 ut
1318 2204 1411 2253 pro
1442 2187 1663 2239 faculen-

599 2263 742 2314 tibus
764 2264 908 2313 flant.

663 2338 1153 2404 Quomodocumque
1186 2340 1361 2403 tangit
1394 2340 1573 2389 luxum
1607 2340 1660 2389 in

596 2412 832 2463 ludorum
868 2414 1385 2480 spectaculorumque
1421 2414 1659 2465 editioni·

598 2486 724 2537 bus=
766 2500 883 2537 cnm
922 2488 1085 2537 omnis
1123 2489 1331 2553 generis
1368 2487 1530 2550 feras,
1570 2503 1660 2538 no-

596 2561 727 2613 biies
764 2576 939 2627 equos,
978 2566 1074 2613 διο.
1119 2563 1376 2626 designati
1420 2564 1660 2614 certatim

596 2638 816 2687 mercari
855 2644 1127 2699 curarent;
1158 2645 1351 2700 praeter
1387 2637 1525 2688 dona
1565 2639 1660 2689 im·

596 2724 791 2775 mensa,
806 2727 923 2779 qnae
939 2712 1285 2776 sportularum
1303 2714 1507 2764 nomine
1536 2715 1658 2765 ami-

596 2787 671 2837 cis
710 2795 829 2852 post
862 2788 1113 2838 editiones
1152 2788 1513 2840 mittebantur.
1566 2791 1656 2840 Pi-

595 2864 758 2915 chenu.

658 2938 933 3003 spectavit
963 2938 1169 2989 modum
1204 2940 1419 2989 rationis
1458 2948 1514 2990 et
1536 2954 1658 3003 pru-

598 3016 789 3067 dentiae
812 3016 865 3065 in
885 3015 1099 3065 edendis
1128 3016 1281 3078 ludis,
1317 3017 1582 3081 spectavit
1605 3023 1660 3065 et

592 3088 729 3143 forte
750 3090 1113 3143 abundantiam
1131 3105 1287 3153 upum
1310 3106 1543 3152 suarum;
1564 3090 1658 3140 sed

594 3167 749 3217 simul
764 3168 919 3217 etiam
934 3166 1199 3229 praecipue
1216 3167 1473 3228 spectavit
1497 3166 1657 3215 abnu-

596 3241 826 3291 dantiam
845 3246 902 3289 et
918 3238 1351 3301 magnificentiam
1372 3239 1658 3304 indefinite,

595 3328 701 3378 qua
734 3313 925 3377 populo
966 3314 1111 3361 Rom.
1134 3311 1461 3362 satisfaceret
1484 3314 1656 3377 place-

594 3394 810 3451 retque:
865 3388 1015 3450 cujus
1060 3386 1207 3435 favor
1248 3394 1423 3437 tamen
1466 3391 1656 3455 sperni,

595 3477 696 3515 nec
718 3462 909 3527 potuit,
932 3476 1029 3511 nec
1054 3462 1251 3511 debuit.

602 3576 611 3583 .
660 3540 807 3589 Modo
826 3537 1029 3589 rationis
1046 3542 1189 3601 atque
1208 3538 1529 3602 abnuentia]
1590 3540 1656 3590 Id

595 3619 696 3678 est,
715 3627 810 3677 pro
835 3612 1124 3677 patrimonii
1160 3613 1309 3661 modu
1332 3622 1389 3661 et
1422 3614 1653 3675 viribus3

593 3703 719 3753 quas
742 3690 1043 3752 plerumque
1074 3688 1171 3736 ista
1204 3687 1367 3738 editio
1388 3696 1656 3751 spectacu-

592 3764 759 3815 lorum
802 3762 1162 3813 exhauriebat.
1253 3762 1393 3812 Hinc
1438 3763 1654 3815 Boetius

593 3848 875 3903 prmturam
908 3842 923 3869 ‘
940 3841 1187 3901 senatorii
1224 3854 1407 3889 census
1446 3856 1654 3905 gravem

592 3915 867 3969 sarcinam’
920 3925 1091 3966 vocat.
1180 3918 1313 3965 Nam
1360 3932 1473 3982 quas
1529 3919 1654 3969 olim

590 4004 776 4055 magna
812 3990 896 4046 via
934 3991 1137 4053 imperii
1172 3992 1654 4057 jurisdictionisque

591 4064 694 4119 fuit
727 4067 1008 4129 pmtoriae,
1042 4082 1105 4121 ea
1142 4076 1323 4131 postea
1356 4071 1517 4133 coepit
1538 4085 1653 4120 esse

590 4156 721 4198 onus
761 4150 1073 4205 senatorum,
1110 4144 1163 4197 in
1198 4142 1413 4201 ,edendis
1460 4146 1650 4208 populo

589 4218 807 4273 scenicis
828 4224 884 4269 et
910 4217 1225 4271 circensibus
1248 4218 1618 4285 voluptatibus.

1810 752 2104 815 Postremo,
2118 752 2164 802 si
2180 756 2436 816 pretores
2451 755 2508 801 et
2517 746 2814 817 qnoestnr'oe

1747 829 2002 893 designati
2045 842 2149 877 non
2191 827 2451 890 adessent,
2493 827 2698 892 quaudo
2741 827 2816 887 cb

1747 904 2057 968 dignitatem
2088 904 2237 953 ludos
2259 901 2508 951 exhibere
2532 901 2818 967 debebant,

1745 978 2115 1045 plectebantur
2135 978 2565 1029 condemnatione
2583 977 2816 1029 frumen-

1745 1058 1901 1121 taria,
1933 1057 2043 1106 sive
2081 1055 2346 1116 triticana,
2381 1068 2448 1103 ex
2482 1054 2816 1123 constantini

1745 1133 1781 1184 1.
1814 1146 1855 1183 ι.
1889 1132 2001 1181 etl.
2024 1146 2088 1182 11.
2108 1132 2174 1181 de
2197 1138 2408 1195 pretor.
2431 1136 2488 1178 et
2521 1135 2706 1193 quoest.
2740 1130 2809 1180 C.

1745 1209 1844 1259 Tb.
1863 1206 2166 1258 confirmata
2189 1221 2221 1256 a
2241 1204 2549 1257 Constantio
2569 1206 2604 1255 l.
2629 1218 2716 1253 m.
2751 1212 2814 1255 et

1746 1297 1847 1333 vu.
1867 1283 1984 1333 eod.
2007 1297 2124 1332 mox
2150 1296 2181 1333 a
2202 1281 2567 1332 Valentiniano
2586 1280 2621 1330 1.
2637 1292 2814 1331 xvm.

1746 1358 1950 1410 eodem.

1808 1433 1988 1483 Fiscus
2019 1447 2225 1499 quoque
2263 1446 2442 1481 eorum
2480 1430 2682 1480 nomine
2717 1444 2809 1481 ex·

1745 1509 2010 1571 pendebat
2029 1515 2246 1573 sumtus,
2257 1522 2384 1581 quos
2401 1506 2644 1561 absentes
2667 1512 2814 1569 post-

1742 1598 1807 1633 ea
1842 1583 2123 1633 refundere
2161 1582 2505 1648 cogebantur,
2541 1583 2579 1632 l.
2601 1595 2684 1632 vr.
2721 1595 2810 1631 eo·

1743 1658 1881 1710 dem.
1921 1659 2210 1721 Vis-dumus.

1806 1742 1840 1767 v
1879 1734 1966 1784 Uei
1986 1736 2123 1797 longe
2143 1750 2172 1783 u
2194 1734 2408 1797 lameri«,
2427 1733 2525 1797 itu]
2588 1735 2683 1798 Ut,
2709 1734 2810 1784 eti·

1743 1808 1872 1859 amsi
1906 1822 2008 1859 non
2041 1810 2191 1859 nimis
2214 1809 2454 1874 profusus
2477 1816 2618 1859 esset
2637 1810 2692 1859 in
2727 1811 2808 1863 bis

1743 1884 1898 1948 ludis,
1939 1892 2112 1937 tamen
2148 1900 2236 1936 eos
2277 1886 2449 1949 potius
2487 1885 2626 1936 fama
2665 1888 2809 1937 cele·

1743 1958 1940 2022 braret,
1983 1967 2041 2010 ut
2083 1960 2402 2025 magnificos,
2445 1974 2600 2027 qnam
2642 1968 2702 2010 ut
2739 1962 2808 2011 de

1745 2036 1916 2097 parvi-s
1940 2034 2213 2098 sumtibus,
2245 2048 2506 2099 parceque
2540 2034 2812 2100 exhibitis,

1741 2110 1922 2159 sileret
1943 2112 2120 2173 etiam,
2143 2119 2234 2159 ant
2253 2124 2342 2159 eos
2365 2116 2658 2173 sperneret.

1813 2187 1900 2239 Un·
1917 2188 2054 2249 longe
2068 2201 2099 2233 u
2113 2186 2327 2247 luxuria,
2339 2186 2413 2233 itu
2421 2182 2574 2244 snm
2590 2186 2811 2251 μηρῶν]

1744 2262 1849 2315 Qui
1869 2264 2011 2313 locus
2048 2260 2276 2324 accipiet
2311 2262 2482 2309 lucem
2513 2274 2582 2309 ex
2617 2260 2808 2325 altero,

1741 2336 1878 2389 infra
1901 2340 1984 2387 19.
2015 2338 2032 2365 ⁴
2051 2337 2139 2388 Ne
2160 2336 2402 2385 laureatis
2423 2335 2634 2399 quidem
2655 2343 2807 2399 gesta

1741 2420 2048 2478 prosecutus
2089 2418 2203 2472 est,
2233 2409 2324 2460 sed
2361 2411 2480 2473 ipsa
2515 2409 2807 2460 dissimula·

1743 2487 1882 2537 tione
1905 2485 2078 2549 famae,
2097 2485 2284 2536 famam
2311 2486 2491 2536 auxit!
2557 2484 2666 2536 Alii
2686 2487 2804 2535 lux·

1739 2564 1869 2627 uria,
1902 2563 2223 2613 abundantia
2259 2576 2435 2626 opum,
2475 2568 2532 2612 et
2567 2560 2805 2625 magnili-

1738 2639 1934 2701 centia,
1964 2637 2152 2687 famam
2193 2643 2247 2687 et
2283 2650 2458 2686 auram
2498 2636 2802 2700 popularem

1739 2715 2050 2779 captabant3
2087 2721 2143 2764 at
2163 2713 2428 2777 Agricola,
2449 2713 2593 2775 talia,
2617 2719 2676 2761 ut
2691 2712 2803 2763 ina·

1736 2790 1822 2840 nia
1857 2788 2169 2855 spernendo,
2191 2790 2304 2853 plus
2338 2788 2516 2853 gloria
2548 2794 2606 2837 et
2639 2786 2798 2837 samm

1737 2866 1920 2917 babuit
1955 2865 2094 2930 apud
2136 2864 2436 2930 prudentes.
2500 2864 2632 2911 Nam
2667 2862 2800 2913 dnm

1737 2957 1806 2992 ex
1823 2942 1959 2993 ludis
1980 2955 2167 3004 nempe
2205 2946 2260 2989 et
2291 2939 2602 3003 spectaculis
2631 2938 2804 2987 inani·

1738 3016 1835 3066 bns
1857 3031 2038 3066 vanam
2063 3016 2277 3080 gloriam
2309 3016 2528 3079 spernit,
2550 3029 2616 3064 ex
2635 3014 2802 3065 solida

1737 3092 1933 3143 virtute
1955 3092 2032 3141 sui
2069 3090 2258 3141 famam
2282 3094 2468 3153 eriget:
2504 3090 2627 3153 quia
2648 3102 2795 3152 sper·

1735 3168 1815 3217 nit
1837 3168 2027 3229 inania,
2050 3180 2170 3215 vcra
2201 3167 2364 3229 gloria
2399 3164 2588 3229 dignus
2619 3177 2798 3215 cense-

1738 3247 1855 3292 tur:
1894 3250 1983 3292 aut
2006 3241 2144 3292 fama
2163 3242 2330 3305 major
2347 3255 2414 3290 ex
2437 3254 2520 3301 eo,
2540 3239 2679 3306 quod
2697 3239 2798 3289 vir-

1737 3310 1853 3367 tute
1869 3318 2100 3381 propria,
2121 3331 2222 3367 non
2255 3315 2600 3381 prodigentia,
2622 3316 2798 3379 placu-

1737 3392 1839 3441 erit
1858 3392 2176 3443 melioribus:
2206 3400 2296 3442 aut
2313 3398 2460 3441 certe
2483 3390 2796 3441 constantin

1735 3462 1872 3515 fama
1885 3466 2093 3528 exinde,
2109 3467 2244 3534 qnod
2265 3468 2457 3516 usitata
2474 3467 2562 3516 illa
2583 3473 2642 3516 et
2663 3479 2797 3515 vana

1733 3540 1790 3591 in
1822 3542 2006 3605 vulgus
2029 3541 2279 3605 obsequia
2301 3554 2548 3605 spernere
2581 3539 2794 3591 tandem

1734 3630 1888 3665 ausus
1911 3617 1997 3679 sit,
2019 3624 2073 3666 et
2095 3616 2242 3667 bonis
2277 3617 2474 3667 artibus
2499 3618 2650 3667 evehi
2685 3630 2796 3667 ma-

1710 3691 1905 3745 luerit.

1803 3767 1890 3817 Uti
1909 3768 2046 3827 longe
2066 3782 2099 3815 u
2117 3767 2332 3830 muria]
2396 3770 2554 3819 Teste
2579 3770 2792 3819 Sueton-

1733 3857 1864 3893 unus
1887 3841 2150 3905 Augustus
2182 3842 2588 3893 ‘fecisse-ludos
2621 3858 2678 3893 se
2714 3842 2793 3893 di-

1733 3920 1823 3979 cit,
1842 3932 1936 3967 suo
1959 3920 2162 3969 nomine
2183 3928 2371 3984 quater
2391 3928 2446 3968 et
2465 3920 2654 3969 vicies:
2690 3932 2792 3983 pre

1733 3994 1845 4043 aliis
1879 3995 2282 4057 magistratibus,
2305 3996 2390 4061 qui
2415 4005 2507 4045 aut
2543 3995 2794 4047 abessent

1729 4076 1822 4120 aut
1861 4084 1966 4119 non
2005 4069 2323 4133 sufficerent,
2365 4077 2448 4119 ter
2487 4078 2543 4119 et
2593 4066 2794 4143 vicies!

1727 4144 1803 4195 At
1825 4150 1974 4207 puto,
1997 4134 2162 4197 n'ullos
2185 4160 2251 4195 cx
2273 4146 2388 4195 istis
2411 4142 2792 4209 principatibus

1725 4218 1862 4273 ludis
1901 4219 2110 4271 minoris
2145 4220 2443 4275 constitisse
2473 4218 2790 4296 quingenties,
