3175 4934
588 382 765 451 3484

588 542 954 607 vincuntur.

591 645 916 726 asperitas
947 643 1257 725 frigorum
1284 644 1499 708 abest.

1290 400 1356 448 0.
1404 397 1774 447 CORNELII
1827 397 2085 447 'rAcl'rl

1043 542 1307 607 Coelum
1356 542 1603 607 crebris
1651 542 1974 605 imbribus
2021 560 2104 606 ac
2163 540 2448 605 nebulis5
2497 538 2796 605 foedum:

1589 644 1866 708 Dierum
1899 644 2151 726 spatia⁸
2174 644 2350 709 ultra
2373 642 2588 707 nostri
2617 642 2809 705 orbis

590 762 986 821 mensuram,
1016 750 1111 807 et4
1145 764 1281 809 nox
1326 746 1531 809 clara·
1578 750 1646 808 et
1691 754 1994 809 extrema
2027 743 2400 807 Britanniae
2431 746 2624 825 parte
2649 742 2810 805 bre-

594 845 748 924 viS‚b
788 852 863 911 ut
908 848 1104 912 finem
1136 855 1333 931 atque
1376 848 1636 912 initium
1667 849 1840 913 lucis
1882 848 2127 929 exiguo
2177 846 2552 911 discrimine
2593 847 2802 911 inter-

593 1034 797 1090 certant,
818 1044 974 1078 omnes
994 1035 1290 1093 superantur.
1356 1029 1801 1093 Ait-frequentibus
1813 1029 1991 1091 plut-iis
2009 1044 2066 1077 ac
2087 1027 2286 1077 nubibas
2305 1025 2540 1086 infestas.-
2569 1027 2644 1075 sie
2663 1041 2810 1075 arce·

591 1098 673 1140 tur
710 1064 895 1141 ωὲἰὲία
929 1095 1123 1158 hyemis.

1194 1096 1319 1143 Dies
1339 1094 1416 1143 liic
1440 1096 1672 1155 longiores
1693 1101 1812 1143 suut
1827 1109 1968 1157 qaam
1987 1094 2038 1141 in
2061 1097 2218 1141 nostro
2240 1091 2368 1153 orbe,
2389 1096 2436 1139 et
2460 1106 2556 1139 nox
2571 1090 2730 1139 lacida
2753 1095 2806 1138 et

593 1156 746 1207 brevis
768 1160 817 1206 in
838 1160 1006 1209 ultima
1034 1159 1302 1209 Britannia·
1324 1174 1423 1221 ora,
1442 1159 1516 1207 ita
1534 1164 1586 1207 ut
1619 1174 1710 1207 aon
1731 1158 1826 1207 nisi
1854 1172 2001 1221 parvo
2024 1156 2274 1221 temporis
2295 1127 2544 1207 inin-vano
2567 1154 2815 1205 dicem-s

1498 1301 1704 1321 OOOOOO

1709 1301 1857 1321 00000

593 1402 741 1450 2429.
808 1382 925 1451 Nec
946 1400 1293 1452 necessarium
1316 1406 1415 1453 est.
1482 1402 1798 1452 Brutine-4
1831 1400 1918 1477 Sic
1955 1412 2127 1451 omnes
2156 1396 2302 1448 Eud:
2359 1396 2432 1445 Et
2454 1409 2486 1445 a
2503 1392 2608 1445 Ms.
2629 1392 2821 1443 vatic.

1590 1544 1641 1592 N
1651 1542 1806 1592 0⁵1*AE

658 1656 685 1683 ¹
715 1650 812 1711 Ita,
830 1651 945 1699 dum
963 1651 1141 1713 singuli
1156 1653 1399 1716 pugnant]
1422 1652 1457 1704 J
1462 1654 1660 1703 ustinus

594 1725 865 1787 eleganter
901 1726 937 1773 l.
962 1740 1085 1775 vm.
1120 1730 1135 1755 ‘
1158 1728 1377 1777 Graeciae
1400 1729 1659 1791 civitates,

596 1801 716 1851 dum
752 1801 1007 1865 imperare
1046 1804 1258 1866 singula».
1298 1804 1533 1869 cupiunt,
1566 1806 1657 1854 im-

592 1878 796 1941 perium
820 1892 995 1928 omnes
1027 1879 1380 1942 perdiderunt.
1448 1880 1660 1943 Quippe

596 1956 649 2003 in
672 1961 901 2004 mutuum
936 1954 1149 2005 exitium
1184 1958 1295 2005 sine
1332 1956 1483 2005 modo
1514 1970 1663 2005 ruen-

596 2037 700 2091 tes,
744 2030 977 2080 omnibus
1032 2032 1203 2095 perire
1262 2031 1399 2096 quod
1444 2031 1660 2094 singula!

597 2106 917 2173 amitterent,
942 2121 1039 2156 non
1074 2107 1173 2157 nisi
1204 2120 1467 2199 oppressae
1492 2120 1662 2156 sense-

599 2182 758 2232 runt?

662 2258 956 2321 vivebam]
1022 2260 1159 2311 Quia
1196 2260 1383 2310 coelum
1405 2260 1485 2309 liis
1507 2261 1662 2310 terris

598 2340 851 2397 perpetuo
892 2334 1206 2398 nebulosum,
1240 2343 1298 2386 et
1334 2338 1455 2387 binc
1495 2337 1663 2385 minus

600 2411 749 2458 suevit
788 2410 983 2473 hyems,
1015 2410 1133 2461 ideo
1173 2413 1190 2440 ‘
1214 2414 1473 2478 asperitas
1510 2412 1666 2475 frigo-

600 2498 711 2534 rum
734 2483 914 2536 abest:

664 2570 683 2593 ⁸
718 2562 919 2609 Dior-um
942 2560 1119 2624 spatia]
1147 2563 1381 2626 Scriptor
1402 2564 1664 2627 Panegyr,

600 2637 667 2687 ad
681 2638 1073 2687 Constantinum
1093 2639 1157 2686 de
1177 2639 1447 2688 Britannia
1468 2654 1481 2685 ε
1503 2639 1515 2663 ‘
1533 2638 1666 2687 Lon·

600 2713 821 2778 gissiinae
841 2714 967 2775 dies,
985 2721 1038 2762 et
1056 2714 1211 2763 nullae
1230 2714 1341 2761 sine
1360 2713 1530 2777 aliqua
1547 2713 1664 2763 luce

598 2796 809 2839 noctes:
868 2787 988 2838 dum
1028 2788 1115 2837 illa
1159 2789 1389 2839 littorum
1430 2796 1664 2837 extrema

600 2867 841 2931 planities
870 2880 971 2915 non
1007 2864 1197 2914 attollit
1227 2864 1451 2925 umbras,
1474 2862 1665 2912 noctis-

600 2959 703 3010 que
735 2950 922 2993 metam
962 2942 1078 2991 coeli
1123 2948 1179 2991 et
1214 2940 1437 2990 siderum
1479 2939 1668 2989 transit

602 3028 877 3084 aspectus;
930 3026 989 3069 ut
1024 3017 1099 3067 sol
1138 3018 1270 3081 ipse,
1301 3018 1391 3082 qui
1429 3017 1573 3065 nobis
1597 3016 1668 3064 vi-

601 3096 756 3145 detur
793 3094 1051 3154 occidere,
1072 3094 1141 3141 ibi
1168 3098 1419 3155 appareat
1452 3098 1666 3155 praeter-

604 3170 712 3221 irc?
798 3171 967 3218 Causa
1006 3177 1175 3217 tamen
1222 3167 1360 3215 futili
1396 3172 1451 3216 et
1491 3181 1523 3213 a
1556 3167 1665 3215 solo

600 3246 787 3309 petita,
812 3260 923 3308 qum
950 3256 1130 3292 revera
1152 3256 1181 3289 a
1206 3242 1327 3290 sole.

664 3320 771 3369 Sed
793 3320 1026 3367 nimirum
1061 3324 1232 3365 orator
1268 3316 1354 3363 ille
1394 3316 1561 3378 palam
1587 3330 1666 3364 ar-

602 3395 847 3460 gutiolam
872 3394 1020 3441 istam
1056 3408 1087 3441 a
1120 3400 1297 3440 nostro
1327 3392 1411 3441 bic
1450 3392 1662 3440 sumsit:

598 3474 614 3500 ‘
641 3470 843 3521 scilicet
864 3476 1098 3517 extrema
1135 3473 1193 3516 ct
1232 3468 1385 3530 plana
1411 3476 1666 3517 terrarum

600 3546 778 3597 humili
804 3546 985 3595 umbra
1022 3558 1123 3593 non
1163 3544 1370 3607 erigunt
1402 3544 1666 3607 tenebras,

600 3622 838 3687 infraque
861 3622 1045 3669 coelum
1070 3628 1123 3668 et
1146 3619 1314 3667 sidera
1336 3634 1437 3668 nox
1464 3620 1646 3670 cadit!

668 3700 868 3748 Plinius
893 3698 957 3745 de
984 3696 1289 3761 longissimis
1314 3695 1527 3745 diebus:
1562 3697 1578 3723 ‘
1603 3695 1664 3745 In

601 3774 757 3825 ltalia
793 3775 1032 3822 horarum
1076 3772 1401 3835 quindecim:
1454 3774 1505 3821 in
1548 3772 1665 3821 Bri—

598 3851 779 3899 tannia
820 3847 1221 3909 septemdecim3
1274 3846 1362 3894 ubi
1386 3854 1569 3897 aestate
1588 3848 1665 3896 lu-

601 3926 734 3977 cidae
758 3923 1103 3986 noctes,haud
1123 3924 1277 3971 dubie
1295 3924 1666 3987 repromittunt

602 4004 675 4066 id,
696 4001 831 4065 qnod
874 4002 1004 4049 ratio
1046 3999 1183 4059 cogit
1220 4000 1399 4059 credi3
1446 3998 1666 4048 Solstitii

602 4078 782 4129 diebus
808 4075 1092 4125 accedente
1128 4074 1236 4121 sole
1272 4075 1483 4137 propius
1508 4076 1664 4124 verti-

599 4170 718 4207 cem
762 4151 959 4212 mundi,
1003 4155 1219 4212 augusto
1266 4148 1394 4198 lucis
1444 4149 1666 4213 ambitu,

600 4231 839 4297 subjecta
860 4234 1015 4279 terrae
1038 4224 1307 4276 continuos
1338 4224 1449 4275 dies
1470 4224 1664 4277 babere

1739 1653 1875 1702 senis
1911 1649 2190 1711 mensibus,
2207 1653 2491 1710 noctesque
2529 1658 2560 1693 e
2599 1642 2820 1692 diverso

1740 1729 1806 1778 ad
1846 1728 2074 1777 brumam
2113 1732 2311 1775 remoto
2331 1722 2364 1773 :'
2419 1736 2569 1787 quem
2601 1722 2818 1785 corrigo

1741 1802 2014 1865 transiens,
2026 1803 2150 1852 haud
2165 1800 2302 1849 dabie
2317 1815 2370 1849 re
2385 1803 2624 1863 promunt.
2657 1797 2812 1860 Lips-

1804 1886 1828 1911 ⁸
1863 1880 1978 1928 Nox
2008 1877 2162 1939 clam]
2227 1876 2346 1925 Hoc
2381 1882 2596 1939 propter
2632 1892 2816 1937 παραυ-

1741 1955 1928 2018 ·γασμὸν
1957 1955 2068 2004 sive
2101 1954 2188 2002 τοῦ
2219 1951 2377 2017 φωτὸς
2413 1949 2816 2015 ἀντιπερίστασιν.

1741 2036 1830 2085 Fit
1849 2042 2020 2085 autem
2038 2034 2120 2083 hic
2140 2030 2478 2095 παρανγασμδς
2493 2036 2696 2080 tanturn
2717 2029 2818 2079 sub

1741 2112 1843 2161 illis
1865 2110 2040 2173 signis,
2064 2122 2177 2173 quoe
2202 2108 2414 2171 propius
2437 2110 2686 2169 punctum
2713 2104 2820 2153 sol-

1744 2188 1934 2238 stitiale
1974 2192 2112 2244 sunt,
2146 2184 2362 2233 Geminis
2397 2188 2454 2231 et
2491 2182 2707 2239 Cancro,-
2759 2186 2820 2229 et

1746 2262 1967 2336 quidem
1991 2263 2043 2310 in
2086 2260 2187 2309 illis
2221 2258 2496 2320 tractibus,
2531 2256 2582 2305 in
2625 2255 2817 2320 quibus

1742 2352 1848 2387 nox
1884 2326 2208 2399 longiuscula
2247 2345 2344 2395 est,
2365 2348 2518 2399 qnam
2559 2332 2670 2381 sub·
2689 2332 2818 2396 polo

1744 2415 2022 2479 ecliptico·
2091 2420 2169 2475 ut,
2215 2411 2358 2461 verbi
2411 2411 2596 2475 gratis,
2630 2404 2820 2475 quibus

1742 2490 1991 2554 Tropicms
2025 2502 2130 2539 non
2167 2493 2248 2537 est
2270 2501 2368 2550 pro
2393 2486 2624 2547 Arctico,
2643 2498 2820 2549 neque

1745 2566 1913 2629 tangit
1948 2570 2196 2630 punctum
2231 2562 2508 2613 horizontis
2545 2560 2817 2625 aquilonii,

1744 2643 1842 2691 illis
1884 2648 2084 2691 tantum
2131 2638 2380 2702 temporis
2417 2643 2598 2687 noctes
2633 2637 2820 2687 obscu-

1742 2724 1940 2780 rantur,
1961 2723 2209 2780 quantum
2247 2714 2477 2778 tropicus
2515 2714 2626 2778 ipse
2664 2712 2822 2763 abest

1746 2808 1778 2842 a
1821 2794 1972 2857 pulsu
2025 2792 2305 2841 horizontis
2351 2790 2776 2852 septentrionalis
2801 2806 2817 2837 z

1745 2876 1808 2919 ut
1828 2869 2018 2919 scimus
2042 2867 2280 2917 accidere
2305 2865 2356 2915 in
2393 2866 2585 2927 Scotia,
2612 2864 2664 2913 iu
2703 2879 2824 2929 qua

1746 2951 2008 2995 nostrates
2053 2944 2240 2992 milites
2282 2949 2439 2993 noctu
2483 2943 2536 2991 in
2579 2940 2820 2990 excubiis

1746 3022 1860 3072 alea
1883 3021 2142 3079 ludentes,
2166 3019 2358 3069 nullum
2397 3019 2570 3067 lumen
2609 3014 2820 3065 adbibe-

1745 3099 1889 3160 bant‚
1940 3098 2106 3162 inquit
2156 3096 2401 3165 Scaliger·
2431 3094 2482 3142 in
2527 3090 2816 3141 secundum

1745 3174 2062 3239 Isagogicum
2098 3172 2322 3222 Manilii.
2395 3170 2684 3231 Vir-dangu.

1815 3249 1839 3283 ὓ
1887 3248 2084 3310 Brevis]
2150 3249 2312 3297 Solin.
2358 3252 2438 3296 25.
2490 3246 2716 3294 ‘Multae
2763 3248 2823 3294 et

1745 3326 1856 3375 aliar
1914 3326 2112 3374 circum
2157 3323 2480 3372 Britanniam
2535 3321 2736 3383 insulas,
2787 3334 2820 3369 e

1744 3402 1931 3465 quibus
1951 3400 2113 3448 Thule
2137 3400 2346 3457 ultima3
2397 3397 2450 3445 in
2495 3410 2595 3459 qna
2633 3394 2821 3445 estivo

1744 3476 1966 3525 solstitio
1989 3475 2204 3539 perinde
2226 3473 2397 3522 nullus
2422 3472 2552 3534 dies,
2576 3478 2636 3520 ut
2670 3476 2820 3520 ortus

1740 3553 1956 3616 junctus
1995 3552 2064 3599 sit
2103 3550 2328 3600 occasui.
2409 3548 2562 3597 Ultra
2599 3546 2822 3595 Thalem

1747 3627 2041 3690 accepimus
2065 3628 2272 3689 pigrum
2293 3638 2404 3673 esse
2427 3629 2482 3674 ct
2517 3630 2822 3672 concretum

1747 3719 1890 3753 marc
1911 3721 1924 3752 :
1955 3703 2072 3751 iude
2093 3718 2124 3750 a
2143 3700 2442 3764 Calydonia».
2463 3696 2821 3763 promontorio

1746 3780 1966 3829 Thulen·
2013 3776 2310 3841 petentibus
2355 3774 2497 3826 bidui
2545 3772 2819 3836 navigatio

1746 3854 1865 3905 est.'

1811 3928 2007 3993 Breuis]
2039 3929 2182 3978 Mela
2206 3942 2290 3977 m.
2312 3932 2365 3977 6.
2397 3928 2414 3955 ‘
2433 3926 2594 3976 Tlmle
2629 3924 2822 3989 Belga-

1747 4020 1860 4054 rum
1905 4004 2066 4053 littori
2111 4005 2353 4066 opposita
2393 4010 2490 4062 est,
2531 4002 2709 4051 Graiis
2757 4008 2822 4051 et

1745 4083 1934 4129 nostris
1957 4080 2223 4129 celebrata
2257 4079 2585 4128 carminibus.
2651 4076 2718 4127 In
2753 4074 2822 4126 e‘a

1745 4153 1882 4219 quod
1928 4154 2004 4203 sol
2045 4154 2200 4217 longe
2249 4166 2522 4203 occasurus
2565 4150 2824 4215 exsurgit,

1745 4230 1933 4281 breves
1956 4230 2133 4298 utique
2162 4234 2346 4281 noctes
2383 4235 2539 4293 sunt3
2585 4228 2680 4281 sed
2721 4240 2818 4295 per
