3175 4934
1321 366 1384 415 G.
1430 367 1628 417 com<
1640 368 1798 417 Emi
1846 370 2101 421 'lucrm

1592 574 1640 624 N
1650 572 1805 623 01·AE

595 720 677 765 tos
709 712 856 763 simul
893 713 1148 765 bellantes
1173 715 1544 780 juvantesque,
1565 723 1659 766 aut

593 788 933 840 defendentes
973 805 1034 839 ae
1076 796 1485 855 propugnantes,
1515 792 1659 856 quasi

591 880 658 915 ex
681 866 890 916 occulto
926 865 1216 916 dimicatur.
1285 868 1358 916 At
1377 867 1460 915 hie
1485 866 1536 915 i'n
1559 868 1657 916 tali

592 943 834 1007 complexu
877 956 1132 1004 armorum,
1167 941 1259 992 ubi
1300 949 1408 991 stat
1447 943 1655 991 umboni

590 1018 766 1082 umbo,
782 1017 1016 1068 mucroni
1030 1031 1230 1081 mucro,
1250 1017 1340 1067 ubi
1373 1022 1507 1069 ‘stat
1523 1019 1657 1083 pede

594 1108 707 1160 pes,
761 1094 1054 1159 densu'sque
1094 1092 1204 1143 viro
1259 1094 1339 1143 vir
1359 1093 1391 1158 ς’
1451 1103 1558 1144 tum
1603 1096 1656 1144 in

590 1174 754 1235 aperto
775 1170 958 1233 virtus,
979 1168 1098 1233 viri,
1119 1184 1279 1232 arma,
1301 1184 1493 1235 pugna,
1513 1174 1613 1221 dcc.

603 1306 611 1311 ⁵
658 1244 984 1308 Complexum]

591 1336 683 1371 seu
719 1321 986 1370 statarium
1029 1336 1272 1384 pugnam,
1293 1326 1348 1371 et
1385 1323 1438 1370 in
1477 1328 1658 1387 aperto,

590 1410 694 1447 non
719 1396 958 1447 ferebant
975 1397 1088 1461 pari
1129 1396 1386 1447 industria
1409 1404 1500 1447 aut
1535 1396 1657 1447 faci·

588 1476 758 1535 litate,
795 1489 858 1522 ae
896 1472 1136 1535 Romani,
1173 1474 1259 1537 qui
1294 1471 1461 1537 longis
1493 1474 1655 1523 scutis

585 1551 773 1601 armati
797 1556 852 1599 et
876 1550 1044 1599 acutis
1073 1551 1281 1613 gladiis,
1307 1550 1466 1601 facile
1489 1558 1657 1602 trans-

588 1626 932 1676 verberabant
949 1625 1149 1686 bostes3
1183 1625 1324 1688 dum,
1353 1627 1466 1675 scil.
1485 1628 1658 1690 parvis

591 1701 752 1751 eetris
787 1699 973 1749 muniti
1017 1699 1230 1749 barbari
1264 1700 1505 1765 ingentes
1549 1704 1657 1766 gla-

585 1776 700 1826 dios
743 1776 1027 1840 erigerent,
1047 1776 1138 1840 qui
1170 1776 1279 1824 sine
1316 1774 1578 1841 mucron'e,
1602 1785 1657 1827 et

585 1852 674 1918 qui
719 1850 794 1901 sie
843 1852 1018 1901 densae
1059 1849 1411 1917 consertaeque
1448 1866 1654 1916 pugnae,

583 1943 765 1993 parum
796 1928 995 1976 habiles
1033 1932 1210 1977 erant:
1247 1942 1368 1992 qua,
1390 1928 1505 1977 scil.
1532 1927 1655 1977 den-

585 2020 673 2054 sus
713 2004 825 2053 viro
868 2001 947 2051 vir
989 2002 1044 2052 in
1087 2002 1198 2053 acie
1236 2008 1394 2067 astat,
1439 2004 1652 2067 resistit,

585 2087 641 2131 et
665 2079 899 2129 dimicat.

651 2156 955 2219 Complexus·
990 2154 1250 2217 ermom]
1284 2155 1414 2203 Rem
1437 2155 1655 2205 elucida-

583 2232 677 2282 bat
691 2232 891 2282 Gellius
914 2244 991 2280 rx.
1016 2236 1096 2280 1³.
1129 2232 1219 2281 ubi
1239 2232 1306 2281 de
1329 2246 1506 2296 pugna
1529 2234 1654 2283 Gal-

581 2308 621 2357 li
645 2314 702 2357 et
743 2308 811 2357 T.
833 2307 1021 2357 Manlii
1055 2306 1322 2372 Torquati.
1353 2306 1441 2356 ‘Is
1481 2308 1653 2372 [Man-

581 2383 706 2449 lius]
739 2391 798 2434 ut
829 2384 966 2447 dico,
1001 2383 1289 2447 processit3
1325 2398 1494 2448 neque
1535 2399 1651 2448 pas-

580 2475 668 2511 sus
691 2468 771 2509 est
808 2461 1057 2511 virtutem
1089 2462 1239 2510 Rom.
1261 2477 1292 2510 a
1315 2462 1470 2511 Gallo
1491 2462 1679 2539 turpi·-

583 2542 668 2587 ter
704 2536 938 2603 spoliari.
1001 2536 1161 2585 Scuto
1197 2536 1430 2599 pedestri
1451 2544 1508 2585 et
1541 2538 1649 2600 gla-

579 2612 668 2661 dio
689 2610 976 2675 Hispanico
1007 2611 1210 2660 cinctus
1233 2618 1414 2661 contra
1437 2612 1647 2662 Gallum

583 2687 849 2738 constitit.
871 2720 884 2734 .
912 2720 924 2735 .
949 2686 1328 2749 constiterunt,
1353 2687 1532 2737 Gallus
1553 2704 1649 2738 sua

579 2762 874 2826 disciplina,
905 2766 1052 2811 scuto
1091 2762 1324 2824 projecto
1363 2763 1646 2813 cantabun-

581 2838 713 2900 dus;
769 2838 996 2887 Manlius
1051 2838 1222 2886 animo
1275 2838 1437 2901 magis
1494 2854 1644 2904 quam

580 2922 694 2965 arte
716 2914 957 2977 conlisus,
979 2922 1180 2964 scutum
1205 2920 1352 2963 scuto
1375 2916 1649 2980 percussit,

578 2999 736 3059 atque
752 2998 945 3041 statum
961 2992 1103 3041 Galli
1121 2992 1470 3041 conturbavit.
1507 2994 1645 3041 Dum

575 3084 632 3119 se
655 3070 836 3119 Gallus
856 3070 1048 3118 iterum
1067 3068 1248 3117 eodem
1286 3074 1440 3131 pacto
1459 3068 1647 3117 consti-

575 3152 727 3196 tuere
747 3146 940 3207 studet,
969 3145 1194 3194 Manlius
1217 3144 1404 3192 iterum
1443 3153 1643 3194 sentum

577 3228 729 3271 scuto
752 3220 1006 3284 pereutit,
1045 3224 1201 3281 atque
1241 3218 1307 3266 de
1347 3219 1462 3268 loco
1484 3220 1643 3267 bomi-

577 3308 696 3345 nem
715 3296 904 3344 iterum
944 3292 1169 3355 dejecit:
1205 3305 1268 3339 eo
1293 3299 1448 3353 pacto
1477 3292 1529 3341 ei
1549 3294 1645 3343 sub

577 3370 834 3421 Gallicum
888 3368 1112 3431 gladium
1163 3368 1434 3431 successit,
1487 3374 1645 3434 atque

576 3445 863 3509 Hispanico
901 3444 1316 3508 peetus-hausit:
1369 3444 1490 3493 dein
1527 3460 1645 3496 con-

577 3521 723 3572 tinuo
747 3520 1011 3569 humerum
1037 3519 1280 3569 dextrum
1319 3520 1501 3570 eodem
1525 3534 1647 3571 con-

572 3608 718 3647 cessu
743 3595 944 3656 incidit,
963 3610 1131 3659 neque
1167 3596 1388 3647 recessit
1409 3612 1643 3661 usquam,

568 3672 741 3721 donee
775 3670 1049 3733 subvertit,
1070 3684 1134 3719 ne
1175 3670 1358 3720 Gallus
1391 3672 1638 3734 impetum

571 3745 666 3795 icti
685 3744 936 3805 liaberet:
973 3747 1071 3793 &m
1140 3744 1246 3793 Ubi
1269 3753 1393 3794 nota
1431 3754 1635 3796 scutum

573 3820 716 3869 Galli
736 3819 898 3868 fuisse
916 3818 1137 3878 brevius,
1153 3826 1208 3869 et
1231 3820 1454 3883 gladium
1474 3822 1637 3883 ipsius

570 3908 861 3946 enormem:
899 3909 1016 3958 quae
1041 3896 1210 3944 omnia
1227 3898 1444 3947 adversa
1481 3898 1637 3947 Gallo

1052 1246 1360 1309 Compleoeum
1405 1261 1656 1310 armorum,
1668 1288 1685 1302 .

1731 709 1950 769 pedestre
1967 706 2017 757 id
2037 717 2219 759 vocat:
2252 712 2437 759 mlum
2457 709 2649 773 quippe
2662 710 2807 775 equi·

1738 788 1848 830 tum
1870 782 2019 833 Rom.
2046 782 2207 832 levius
2231 791 2287 833 et
2312 791 2539 834 tractatu
2559 784 2785 835 facilius.

1802 857 1991 923 Sicque
2026 859 2275 923 id'genns
2310 874 2565 909 armorum
2600 862 2809 911 Manlio

1738 933 1959 983 maxime
1976 932 2265 985 favorabile
2286 933 2389 985 fuit
2408 936 2460 984 in
2477 942 2643 999 aper-eo
2675 950 2806 1000 pug-

1734 1008 1897 1059 nanti.
1962 1009 2049 1059 Sic
2069 1008 2220 1060 facile
2242 1010 2447 1061 Gallum
2470 1012 2809 1061 conturbavit

1736 1083 2033 1149 dejecitque
2055 1100 2083 1133 e
2106 1091 2265 1147 statu,
2294 1100 2387 1135 seu
2429 1085 2667 1149 vestigio,
2700 1101 2806 1149 qno

1736 1175 1792 1209 se
1816 1162 1983 1224 primo
2020 1164 2369 1211 constituerat
2406 1162 2544 1211 inter
2576 1176 2807 1227 pugnan-

1736 1235 1875 1295 dum,
1898 1252 2119 1302 eumque
2142 1237 2293 1287 facile
2317 1238 2595 1299 subvertit,
2616 1252 2806 1303 urgen-

1736 1311 1803 1361 do
1822 1313 2031 1376 aeriter,
2051 1320 2107 1362 et
2142 1326 2389 1363 mucrone
2420 1312 2699 1363 incidendo
2714 1314 2806 1363 ku·

1734 1401 1916 1437 mmm
1938 1391 2173 1451 dextrum,
2196 1388 2522 1453 opponendo,
2544 1390 2657 1439 scil.
2690 1404 2805 1439 scu·

1736 1472 1843 1514 tum
1870 1480 1901 1513 a
1924 1466 2152 1528 sinistra,
2167 1464 2373 1515 facilius
2392 1466 2638 1515 dextrum
2660 1466 2803 1516 Galli

1735 1540 1871 1589 latus
1908 1542 2281 1605 oppugnabat;
2320 1554 2487 1606 eoque
2521 1542 2801 1593 conturba·

1736 1622 1808 1677 to,
1831 1632 1895 1666 eo
1918 1632 2080 1681 usque
2114 1617 2308 1667 institit
2329 1618 2575 1682 Manlius,
2602 1624 2663 1667 nt
2680 1619 2801 1667 snb·

1737 1697 1998 1753 verterem
2032 1692 2169 1741 unde
2206 1692 2461 1743 victoria:
2506 1694 2645 1757 quia,
2684 1695 2801 1743 scil.

1734 1768 1961 1831 impetum
1981 1769 2069 1817 ioli
2091 1782 2192 1818 nou
2214 1768 2433 1817 haberet
2456 1768 2658 1833 Gallus,
2676 1770 2803 1820 licet

1734 1845 1787 1895 in
1812 1852 1995 1909 aperto
2018 1843 2268 1907 certaret,
2306 1846 2373 1895 ob
2398 1860 2539 1895 arma
2562 1848 2801 1910 grandio-

1735 1934 1793 1969 ra
1812 1936 1826 1980 3
1861 1927 1915 1969 et
1934 1920 2054 1985 quia
2068 1920 2151 1969 sab
2170 1921 2409 1970 Gallicum
2420 1922 2634 1983 gladium
2648 1936 2801 1971 enor-

1732 2011 1867 2046 mem
1894 1998 2065 2046 statim
2108 1998 2327 2047 successit
2367 1996 2614 2062 Manlius,
2637 1999 2802 2049 homi·

1730 2086 1952 2138 nemque
1976 2073 2053 2123 uti
2088 2074 2259 2137 armis,
2278 2089 2371 2125 seu
2396 2076 2687 2139 complexu
2716 2092 2799 2125 ιι·-

1728 2162 1910 2197 nonrm
1931 2149 2215 2211 prohibuit.

1796 2225 1860 2272 In
1880 2226 2065 2289 aperio]
2098 2224 2217 2274 Huc
2250 2224 2382 2275 facit
2420 2226 2477 2275 id
2512 2228 2634 2278 Tac.
2658 2228 2803 2281 Arm.

1728 2312 1795 2347 n.
1844 2304 1924 2348 14.
1990 2301 2006 2329 ‘
2032 2300 2153 2350 Non
2194 2316 2408 2366 campos
2450 2304 2600 2353 modo
2640 2306 2801 2355 militi

1732 2375 1961 2424 Romano
2005 2376 2072 2424 ad
2117 2378 2352 2440 praelium
2397 2380 2576 2444 bonos,
2620 2380 2713 2431 sed
2752 2382 2801 2433 si

1732 2451 1864 2499 ratio
1886 2450 2042 2513 adsit,
2058 2453 2228 2516 sylvas
2250 2462 2302 2503 et
2322 2456 2511 2506 saltus:
2544 2471 2641 2507 nee
2654 2458 2801 2511 enim

1730 2526 1977 2575 immensa
2004 2526 2333 2579 barbarorum
2369 2538 2535 2591 scuta,
2556 2547 2801 2585 enormes

1726 2602 1920 2666 hastas,
1941 2603 2079 2653 iuter
2110 2612 2318 2655 truncos
2336 2606 2579 2657 arborum
2598 2616 2653 2659 et
2673 2623 2797 2659 ena·

1728 2681 1783 2725 ta
1820 2678 1975 2726 humo
2025 2678 2265 2742 virgulta,
2320 2680 2537 2743 perinde
2592 2683 2799 2748 baberi,

1726 2766 1877 2815 quarn
1904 2753 2009 2817 pila
2028 2760 2085 2803 ct
2100 2754 2321 2818 gladios,
2343 2764 2400 2804 et
2414 2757 2664 2807 haerentia
2680 2774 2800 2809 cor-

1726 2827 1841 2890 pori
1876 2828 2132 2891 tegmina:
2184 2829 2465 2880 denserent
2508 2822 2665 2895 ie'tus,
2700 2848 2801 2885 ora

1728 2904 2059 2953 mucronibus
2084 2906 2417 2967 quaererent.'
2482 2907 2717 2970 Pugnan
2738 2910 2801 2959 in

1728 2985 1913 3040 aperto
1937 2994 2037 3028 nou
2060 2974 2352 3030 tolerabant
2374 2982 2609 3031 Britanni
2632 2997 2797 3048 prop-

1729 3058 1812 3103 ter
1855 3054 2037 3105 breves
2075 3062 2264 3118 cetras,
2301 3070 2471 3121 neque
2500 3060 2797 3121 completam

1726 3143 1982 3193 armorum,
2030 3140 2248 3195 propter
2307 3146 2543 3183 enormes
2591 3134 2799 3196 gladios

1724 3202 2029 3269 hastasque:
2066 3206 2140 3255 sic
2160 3214 2216 3255 et
2254 3208 2523 3272 Germani,
2552 3211 2796 3275 exceptis

1726 3280 1909 3329 scutis.

1790 3354 1853 3403 In
1872 3358 2059 3420 aperto]
2092 3360 2178 3409 Sic
2195 3374 2365 3423 pugna
2382 3360 2575 3411 dicitnr
2590 3361 2641 3411 in
2654 3376 2799 3429 eper-

1722 3434 1791 3494 to,
1814 3432 1935 3494 quia
1954 3440 2067 3481 tum
2098 3435 2254 3498 vires,
2278 3450 2437 3496 arma,
2458 3437 2618 3499 miles,
2652 3452 2797 3487 ean·

1724 3519 1839 3568 pus,
1880 3506 2056 3569 decus,
2097 3511 2357 3573 virtusque
2414 3520 2471 3563 et
2513 3513 2791 3576 industria,

1722 3581 1983 3647 hostisque
2003 3584 2133 3647 ipse,
2176 3586 2347 3635 omnia
2368 3597 2491 3637 sunt
2510 3590 2565 3638 in
2594 3595 2759 3653 aperto
2773 3608 2798 3641 .-

1725 3664 1833 3707 tum
1856 3660 2046 3722 omnia,
2082 3662 2192 3711 scil.
2234 3673 2421 3726 aperta
2466 3664 2681 3714 fortibus
2720 3681 2793 3717 ae

1721 3734 1944 3783 strenuis
2008 3736 2149 3798 viris,
2200 3746 2307 3786 tum
2359 3754 2465 3788 non
2514 3741 2668 3790 alium
2709 3756 2794 3791 re·-

1717 3817 1927 3872 spectat
1948 3811 2118 3873 miles,
2138 3827 2241 3862 non
2280 3814 2381 3863 alia
2418 3830 2477 3864 re
2508 3832 2565 3865 se
2590 3824 2789 3879 tuetur,

1718 3898 1869 3946 quam
1925 3888 2149 3950 propriis
2202 3890 2357 3939 armis
2425 3898 2481 3941 et
2548 3892 2741 3941 viribus
2767 3908 2787 3943 ε

569 3972 1062 4038 ρηςυοηῑίἰιαρεήο
1077 3980 1243 4030 erant,
1263 3973 1637 4036 impediebant·
1716 3960 1843 4049 {mm
1902 3963 1976 4011 ibi
2040 3965 2300 4015 ‘lemnum
2362 3974 2454 4017 ⁸¹¹⁸
2508 3977 2786 4032 ΟΡθΥῒΰΜῖ

567 4064 672 4112 que
703 4049 988 4111 cmflpmm
1007 4062 1274 4105 mrmg
1307 4064 1424 4097 cum
1449 4058 1633 4101 contr·
1708 4052 1815 4100 jam
1860 4041 2031 4090 omnia
2082 4043 2265 4092 Virtuti
2324 4052 2523 4107 pntent,
2578 4052 2635 4095 fit
2690 4060 2785 4108 ΡΙ·

569 4124 755 4175 Manlii
786 4123 976 4185 gladius
1019 4123 1310 4186 Hispaniam
1344 4132 1484 4174 esset
1520 4126 1634 4177 bre·
1714 4122 1792 4165 tet
1828 4116 1944 4179 ΪΡΜι
1984 4118 2182 4167 Virum:
2218 4120 2275 4169 1¹¹
2312 4121 2503 4185 animo,
2542 4122 2595 4171 in
2626 4121 2785 4176 ‹forti-

567 4199 702 4265 viar,
744 4204 802 4249 et
855 4206 1058 4250 scutum
1096 4200 1360 4267 grandius,
1405 4200 1631 4269 ideoque
1712 4191 1893 4243 maine
1914 4194 2023 4245 ³⁰¹⁸
2056 4194 2227 4259 {²⁰¹3st
2258 4202 2342 4248 0⁸2
2372 4210 2513 4262 ⁵90⁸,
2544 4198 2685 4249 ‘⁸¹⁰⁸
2720 4204 2781 4249 Εἴ
