3175 4934
1059 401 1467 466 sontoons,
1510 403 1680 454 cst.
1719 389 1832 454 45.

1342 615 1563 668 NOTAE

341 739 473 797 flaui
512 754 631 796 carn
673 757 831 794 uxore
870 740 1135 794 taxasset!
1186 742 1403 794 sueton.

342 831 390 882 e.
414 821 494 868 10.
512 816 785 868 maanus.
817 817 957 870 Quid
972 817 1067 868 sibi
1082 818 1402 880 vulgamus

342 889 547 944 manus?
580 893 726 944 Nihil
756 894 1060 968 sanegliud,
1084 909 1237 958 quam
1258 908 1401 944 sena-

339 973 483 1020 tores
504 983 535 1019 a
555 969 877 1020 senatoribus
913 977 1183 1020 accusatos
1220 970 1399 1036 fuisse,

341 1050 399 1094 et
420 1044 483 1094 ad
506 1059 687 1096 necem
728 1047 1033 1108 postulatos.
1085 1047 1241 1096 Tales
1266 1047 1400 1098 Pub.

342 1119 489 1172 Certi
510 1123 739 1172 manusin
760 1122 1061 1174 Helvidium
1083 1121 1245 1174 fuere.
1268 1123 1402 1174 Box-

338 1195 473 1250 hor».
546 1199 717 1248 Nemo
756 1200 1003 1250 hactenus
1040 1201 1397 1252 accusationes

340 1279 428 1323 aut
452 1273 739 1324 delationes
762 1282 967 1339 patrum
988 1277 1275 1340 appellavit
1300 1293 1398 1327 ma-

334 1364 441 1400 nns.
500 1351 657 1401 Certe
695 1367 860 1402 manus
899 1351 1095 1415 iuda-re,
1136 1361 1191 1404 et
1230 1369 1395 1404 manns

332 1429 511 1474 nostra
558 1429 751 1491 duxere,
801 1430 883 1490 ᾂσ.
924 1437 1149 1493 arguunt
1202 1429 1397 1494 aliquid

334 1501 501 1562 magis
522 1516 717 1554 soevmn
740 1511 795 1554 et
817 1512 987 1565 atrox,
1020 1505 1306 1566 praesertim
1344 1505 1396 1554 in

336 1576 497 1626 curia.
563 1577 719 1626 Certe
758 1592 934 1628 manus
970 1577 1127 1628 fuisse
1158 1579 1399 1644 injectas,

336 1657 427 1699 sut
449 1658 593 1701 certe
622 1668 765 1716 saepe
798 1654 1082 1704 intentatas
1106 1669 1139 1702 a
1159 1653 1395 1717 patribus

332 1723 553 1776 invicem
594 1728 649 1778 in
694 1737 894 1789 senatu,
940 1737 1148 1780 constat
1186 1744 1253 1780 ex
1273 1731 1396 1780 Tac.

335 1799 479 1852 Hist.
500 1804 536 1850 Ι.
562 1818 638 1852 ιν.
662 1813 719 1853 et
738 1806 852 1854 aliis
876 1806 1062 1868 passim
1084 1805 1229 1856 locis.

398 1878 701 1942 Helvidium]
732 1881 889 1930 Arria
910 1897 1039 1932 uxor
1053 1883 1313 1944 Thraseae,
1341 1887 1397 1930 et

333 1953 530 2004 Fannia
567 1954 675 2004 filia
711 1958 818 2020 ejus
856 1955 957 2008 fuit
992 1971 1123 2006 uxor
1165 1955 1397 2004 Helvidii

332 2028 497 2090 patris
530 2035 587 2078 et
626 2044 853 2080 noverca
888 2030 1125 2081 Helvidii
1151 2030 1394 2094 junioris,

332 2109 389 2152 et
411 2101 601 2152 Anteia
623 2101 725 2152 fuit
746 2118 878 2154 uxor
899 2105 1133 2168 ejusdem
1166 2103 1397 2154 Helvidii

330 2177 437 2228 filii.
469 2178 607 2228 Vide
630 2179 789 2228 Plinii
823 2181 991 2244 Epist.
1014 2181 1047 2230 1.
1070 2192 1151 2230 xx.
1174 2183 1253 2228 18.
1311 2177 1397 2228 Ad

331 2268 441 2303 rem
486 2255 641 2304 etiam
696 2255 835 2304 Plin.
885 2255 1059 2318 Epist.
1104 2253 1139 2305 1.
1172 2267 1269 2304 vu.
1312 2258 1393 2304 19.

327 2328 344 2356 ‘
370 2331 540 2380 Doleo
600 2331 736 2380 enim
796 2331 1071 2380 maximam
1135 2329 1397 2379 foeminam

328 2405 625 2470 [Fanniam]
658 2405 795 2470 eripi
829 2406 991 2454 oculis
1026 2403 1272 2467 civitatis,
1308 2418 1393 2454 ne-

326 2481 435 2532 scio
474 2497 539 2532 an
574 2482 767 2548 aliquid
802 2481 965 2532 simile
998 2479 1195 2530 visuris.
1260 2481 1393 2532 Quae

328 2556 541 2606 castitas
558 2557 661 2606 illi?
694 2571 809 2621 quae
830 2555 1108 2604 sanctitas?
1147 2569 1258 2619 quae
1278 2568 1393 2618 gra-

328 2631 497 2679 vitas?
531 2637 725 2694 quanta
762 2629 1089 2680 constantia?
1129 2626 1207 2677 bis
1246 2628 1396 2677 mari·

330 2713 645 2755 tum-secuta
666 2705 717 2754 in
742 2705 949 2754 exilium
974 2711 1073 2768 est,
1106 2705 1261 2752 tertio
1285 2704 1394 2766 ipsa

326 2787 544 2844 propter
560 2778 801 2828 maritum
821 2779 1069 2843 relegata.
1116 2779 1253 2828 Nam
1275 2792 1391 2827 cum

324 2855 545 2906 Senecio
568 2870 684 2905 reus
707 2863 863 2916 esset,
886 2853 1025 2919 quod
1049 2853 1115 2901 de
1134 2853 1245 2900 vita
1266 2851 1397 2900 Hel-

324 2932 449 2982 vidii
471 2933 684 2996 [putris]
718 2933 873 2981 libros
898 2929 1287 2992 composuisset,
1310 2942 1393 2977 ro-

323 3018 603 3074 gatumque
636 3024 691 3058 se
715 3024 747 3056 a
768 3006 965 3056 Fannia
982 3005 1053 3052 sin
1088 3003 1393 3054 defensione

323 3085 562 3147 dixisset,
600 3089 851 3147 querente
895 3079 1165 3130 minaciter
1198 3079 1393 3128 Mettio

323 3161 477 3223 Caro,
532 3158 619 3209 An
658 3155 929 3221 rogasset?
971 3154 1255 3218 respondit,
1292 3155 1391 3204 Ro·

324 3237 459 3300 gavi.
510 3234 594 3285 An
612 3230 1015 3284 Commentarios
1034 3231 1287 3294 scripturo
1305 3230 1391 3279 de-

322 3312 521 3362 disset?
581 3309 739 3360 Dedi.
817 3307 899 3356 An
941 3308 1141 3356 sciente
1182 3306 1389 3354 matre?

322 3389 625 3439 Nesciente.
682 3385 957 3435 Postremo
996 3383 1187 3432 nullam
1212 3397 1391 3432 vocem

322 3463 593 3517 cedentem
627 3461 861 3526 periculo
898 3458 1099 3508 emisit:
1136 3458 1257 3522 quin
1293 3459 1387 3506 eti-

324 3553 405 3588 am
445 3540 559 3588 illos
598 3539 737 3604 ipsos
777 3537 957 3598 libros,
990 3549 1282 3600 quanquam
1320 3550 1387 3584 ex

322 3614 634 3664 necessitate
670 3621 723 3662 et
756 3619 896 3662 metu
933 3620 1225 3674 temporum
1264 3609 1386 3659 abo-

318 3691 441 3740 litos
454 3689 913 3752 senatusconsulto,
926 3685 1203 3749 publicatis
1220 3685 1383 3748 bonis,

320 3767 572 3826 servavit,
605 3764 802 3826 habuit,
844 3765 1065 3828 tulitque
1101 3763 1153 3810 in
1176 3761 1385 3810 exilium

319 3840 463 3891 exiiii
508 3854 730 3888 causam.
797 3839 993 3888 Eadem
1024 3855 1174 3903 qnam
1201 3839 1405 3902 jucun-¹

321 3916 409 3980 da,
431 3929 583 3980 qnam
608 3915 783 3976 comis,
805 3929 957 3978 quam
982 3915 1203 3980 denique
1222 3913 1383 3978 (quod

321 3993 503 4057 paucis
519 3990 697 4039 datum
715 3986 820 4052 est)
835 4004 935 4038 non
953 3991 1117 4039 minus
1134 3991 1387 4054 amabilis,

322 4081 475 4132 quam
501 4063 821 4114 veneranda!
868 4079 967 4112 nec
1007 4081 1157 4128 quam
1203 4073 1385 4128 postea

321 4140 564 4208 uxoribus
602 4139 791 4192 nostris
831 4145 1094 4188 ostentare
1122 4140 1387 4206 possimus,

322 4216 445 4296 erit,
483 4229 515 4266 a
556 4231 659 4284 qua
682 4215 779 4268 viri
821 4229 1026 4282 quoque
1064 4215 1386 4278 fortitudinis

1482 745 1724 808 exempla
1745 759 2024 810 sumamus,
2047 759 2200 810 quam
2238 745 2313 796 sic
2337 761 2552 798 cernen-

1484 828 1561 868 tes
1619 819 1999 886 audientesque
2043 821 2308 885 miremur,
2341 829 2400 872 ut
2439 823 2554 888 illas

1479 911 1598 961 qua
1619 896 1905 960 leguntur.'

1544 970 1640 1020 Bis
1667 969 1892 1020 maritam
1913 969 2194 1020 Helvidium
2225 975 2384 1020 secuta
2419 969 2552 1021 Fan-

1478 1043 1583 1108 nia,
1607 1060 1792 1111 nempe
1830 1045 2114 1110 relegatum
2141 1047 2303 1109 primo
2327 1046 2422 1096 sub
2447 1045 2558 1096 Ne·

1478 1135 1623 1184 rone,
1663 1137 1784 1172 curn
1825 1122 1933 1172 scil.
1973 1121 2174 1171 occisus
2215 1129 2296 1172 est
2329 1121 2559 1174 Thrasea

1480 1202 1633 1260 pater
1653 1197 1813 1259 illius,
1835 1197 1952 1246 dein
1974 1197 2067 1246 sub
2081 1197 2414 1262 Vespasiano,
2433 1211 2552 1248 cum

1478 1271 1690 1322 tandem
1713 1273 1912 1324 occisus
1939 1281 2019 1322 est
2041 1273 2156 1336 ipse
2171 1273 2442 1322 Helvidius
2462 1286 2553 1338 pa-

1480 1353 1561 1396 ter
1582 1347 1636 1396 in
1661 1348 1744 1396 via
1767 1355 1858 1397 aut
1892 1348 2087 1410 exilio;
2127 1363 2228 1398 non
2262 1354 2447 1411 sponte
2473 1353 2552 1398 ta-

1476 1437 1596 1472 men
1619 1423 1942 1486 Vespasiani,
1980 1425 2070 1488 qui
2112 1424 2362 1487 deceptus
2402 1429 2484 1474 est
2519 1437 2552 1474 a

1476 1499 1734 1560 magistris
1756 1498 2134 1562 dominationis,
2153 1499 2238 1562 qui
2262 1499 2551 1550 retulerunt

1478 1575 1709 1637 periisse.
1745 1575 1962 1624 Sueton.
2005 1579 2083 1623 15.
2148 1572 2165 1600 ‘
2189 1573 2372 1636 Magni
2413 1573 2549 1624 aesti·

1476 1649 1637 1698 mavit
1675 1664 1884 1698 servare
1923 1663 2132 1714 quoquo
2167 1649 2338 1711 modo,
2379 1649 2547 1700 missis

1476 1725 1565 1787 qui
1609 1739 1940 1787 percussores
1978 1732 2309 1788 revocarent,
2345 1731 2402 1774 et
2443 1739 2548 1774 ser-

1478 1808 1666 1862 vmset,
1700 1802 1794 1849 nisi
1821 1803 1932 1865 jam
1959 1801 2172 1865 periisse
2195 1800 2321 1850 falso
2343 1802 2546 1852 nuntia·

1474 1879 1585 1924 tum
1611 1875 1786 1924 esset!

1543 1950 1701 2000 Tertio
1723 1953 1827 2014 ipsa
1856 1955 2050 2014 propter
2075 1943 2300 1999 meritum
2321 1951 2548 2018 relegato,

1472 2040 1658 2090 nempe
1675 2025 1770 2076 sub
1788 2027 2119 2086 Domitian03
2147 2027 2266 2090 quia
2281 2027 2390 2077 scil.
2411 2042 2546 2078 com·

1470 2103 1750 2152 menterios
1796 2105 1922 2153 vitae
1975 2101 2213 2152 Helvidii
2272 2102 2548 2154 Senecioni

1478 2177 1740 2242 scripturo
1780 2176 2192 2240 suppeditasset.
2257 2177 2414 2226 Haud
2455 2177 2546 2226 du·

1476 2251 1559 2302 bie
1579 2253 1729 2302 simul
1752 2259 1807 2302 et
1825 2255 2054 2316 relegata
2077 2260 2244 2303 mater
2266 2253 2427 2316 ipsius
2448 2253 2548 2303 Ar-

1476 2327 1554 2375 ria
1577 2326 1672 2377 sub
1695 2329 1932 2390 Nerone,
1971 2334 2062 2376 sut
2095 2327 2234 2392 fugit
2267 2329 2405 2379 ultro
2426 2345 2546 2380 cum

1474 2401 1612 2466 filia3
1647 2403 1767 2453 dein
1799 2411 1987 2466 sponte
2027 2415 2082 2452 et
2115 2403 2273 2454 etiam
2313 2407 2546 2470 relegata

1474 2481 1587 2543 ipsa
1623 2479 1852 2529 secundo
1887 2485 1944 2530 et
1983 2479 2162 2542 tertio,
2202 2494 2318 2528 cum
2340 2478 2466 2542 filia,
2488 2487 2546 2530 et

1476 2561 1585 2604 tum
1609 2555 1776 2604 adhuc
1795 2555 1980 2603 vixisse
1995 2553 2224 2603 videtur.
2261 2555 2394 2604 Nam
2419 2554 2544 2606 ibid.

1474 2629 1608 2681 infra
1627 2632 1764 2682 Plin.
1835 2632 1850 2658 ‘
1875 2633 1987 2694 Ego
2011 2631 2256 2680 solatium
2291 2631 2544 2696 relegata-

1471 2720 1606 2770 rum,
1641 2721 1738 2770 ego
1769 2707 1908 2755 ultor
1941 2721 2265 2756 reversurum
2285 2705 2323 2756 :'
2365 2722 2543 2772 quarn-

1475 2780 1547 2830 vis
1571 2781 1783 2830 obiisset
1804 2781 1936 2844 ipsa,
1970 2796 2087 2830 cum
2108 2782 2242 2832 hanc
2266 2782 2543 2847 epistolam

1476 2859 1553 2904 19.
1576 2856 1834 2906 scriberet
1855 2855 2081 2906 Plinius.
2123 2857 2246 2918 Ipsa
2269 2858 2423 2906 etiam
2443 2856 2544 2906 Ar-

1476 2928 1553 2976 ria
1590 2928 1802 2978 vivebat
1845 2929 2031 2992 adhuc,
2073 2943 2190 2980 cum
2233 2930 2541 2984 Helvidium

1464 3003 1724 3066 juniorem
1759 3003 1898 3052 ultus
1930 3010 2012 3052 est
2043 3003 2332 3062 Secundus,
2355 3005 2443 3068 qui
2463 3005 2540 3056 sic

1472 3077 1632 3126 habet
1675 3079 1840 3140 Epist.
1881 3091 1968 3128 1x.
2015 3082 2094 3128 13.
2162 3079 2538 3132 ‘Destinatnm

1470 3161 1553 3203 est
1573 3190 1586 3203 .
1607 3190 1620 3204 .
1639 3191 1654 3206 .
1676 3154 1796 3203 mihi
1827 3154 2070 3206 maritum
2093 3159 2238 3204 tuum
2273 3170 2372 3204 non
2410 3157 2544 3206 inul-

1470 3237 1579 3279 tum
1612 3231 1742 3294 pati,
1778 3231 1958 3280 nuntia
1991 3229 2159 3280 Arriae
2200 3239 2256 3280 et
2287 3231 2537 3282 Fanniae!

1471 3304 1556 3355 Ab
1579 3306 1734 3356 exilio
1758 3305 2040 3356 redierant.
2057 3305 2302 3356 Anteiam
2326 3307 2538 3373 alloqui-

1471 3388 1575 3429 tur.

1532 3457 1726 3504 Nostra·
1749 3490 1763 3504 .
1780 3491 1792 3505 .
1811 3490 1824 3505 .
1844 3490 1857 3505 .
1880 3455 2068 3520 manus]
2120 3457 2204 3506 Sic
2243 3456 2358 3507 fere
2397 3459 2534 3522 apud

1467 3531 1612 3580 Suet.
1632 3532 1745 3581 Cal.
1767 3535 1849 3581 28.
1883 3531 1898 3559 ‘
1923 3533 2051 3580 Cum
2086 3531 2312 3595 discerpi
2333 3540 2538 3584 senato·

1466 3619 1572 3653 rem
1607 3606 1937 3670 concupisset
1981 3605 2066 3668 [C.
2103 3607 2320 3670 Caesar],
2356 3607 2536 3656 subor-

1464 3682 1628 3743 navit,
1666 3681 1754 3745 qui
1793 3681 2166 3744 ingredientem
2202 3683 2417 3746 curiam,
2458 3695 2536 3731 re-

1466 3763 1623 3819 pente
1647 3757 1844 3806 hostem
1891 3757 2154 3820 publicum
2195 3757 2536 3822 appellantes,

1463 3831 1789 3896 invaderent,
1843 3832 2174 3898 graphiisque
2221 3830 2536 3898 confossum,

1464 3910 1790 3959 lacerandum
1811 3909 1997 3958 ceteris
2022 3907 2327 3958 traderent!
2441 3905 2448 3914 '

1528 3989 1707 4038 Manus
1727 3987 1922 4050 nostr-ce]
1980 3985 2282 4036 Helvidium
2307 3983 2531 4033 vindica·

1464 4064 1541 4112 vit
1564 4079 1680 4111 mox
1705 4063 1902 4112 Plinius
1927 4078 2019 4126 pro
2043 4060 2180 4108 virili
2201 4065 2365 4122 parte.
2389 4058 2528 4110 Plin.

1465 4138 1576 4204 ipse
1611 4139 1776 4202 Epist.
1799 4151 1877 4189 xx.
1905 4140 1984 4186 13.
2021 4136 2035 4163 ‘
2063 4133 2254 4182 Occiso
2280 4133 2530 4182 Domitia-

1465 4228 1559 4280 no,
1573 4214 1732 4266 statui
1752 4227 1952 4265 mecum
1985 4225 2047 4261 ac
2079 4207 2380 4276 deliberavi,
2411 4201 2554 4300 esseA'
