3175 4934
1087 386 1496 449 Aoaicons,
1539 386 1707 436 οη.
1751 372 1864 437 15.-

2402 372 2587 441 3498

373 526 678 597 anselius
705 532 1006 595 miscere.
1077 528 1270 595 Nihil
1286 532 1430 615 jam
1458 528 1827 614 cupiditati,
1854 530 2015 594 nihil
2041 530 2303 597 libidini
2330 552 2579 615 excep-

377 697 521 746 Nihil
531 698 644 761 jam
665 698 912 761 avaritiae,
931 698 1053 747 nihil
1075 697 1415 761 impudicitiae
1437 704 1732 747 exemtum:
1767 698 1818 746 in
1837 712 2011 763 pugna
2030 697 2323 747 validiorem
2347 713 2458 748 esse
2485 696 2574 763 qui

1327 825 1593 846 “efecto-e
1600 826 1687 847 OOO

375 906 598 955 maxime
635 905 913 955 Historieis
952 908 1202 969 occurrit,
1245 906 1669 967 martiatum,
1706 922 1871 957 monus
1902 922 2157 967 semor-m,
2196 922 2290 971 pro
2328 907 2579 957 clientum

373 983 703 1019 nervorumve
727 972 1079 1020 multitudine.
1146 972 1279 1021 Mihi
1319 970 1572 1020 servanda
1610 970 1768 1019 lectio
1806 972 2017 1035 vulgata
2046 980 2102 1021 et
2138 986 2388 1021 consensu
2424 970 2584 1020 libro-

377 1048 488 1083 rum
510 1033 746 1084 stabilita
769 1034 992 1087 videtur.
1061 1036 1266 1111 Nempe
1288 1036 1348 1085 τὸ
1369 1036 1563 1085 miseere
1585 1049 1685 1084 non
1708 1034 2037 1085 referendum
2062 1044 2146 1085 est
2168 1036 2232 1085 sd
2256 1034 2583 1103 alter-insted·

371 1099 683 1161 concor-diam,
722 1105 778 1148 et
811 1100 1103 1149 concordiam
1135 1100 1406 1161 esi-tticum,
1443 1100 1539 1148 hoc
1571 1112 1758 1148 sensu:
1802 1099 1912 1149 sive
1947 1100 2226 1149 concordes
2262 1108 2437 1164 agant,
2468 1098 2579 1148 sive

377 1161 658 1226 discordes,
693 1164 760 1211 ad
782 1164 1000 1214 exitium
1024 1172 1258 1214 nostrum
1281 1164 1604 1227 conspirant.
1672 1163 1824 1213 Alter
1847 1164 1983 1213 enim
2006 1164 2059 1213 vi
2080 1164 2308 1226 militari,
2348 1166 2482 1214 aiter
2504 1177 2585 1213 ra-

1377 1301 1590 1350 NOTAE

373 1405 642 1468 curatoris,
661 1412 716 1456 et
733 1408 1025 1457 centuriones
1039 1406 1217 1471 legati.

439 1481 547 1529 Per
585 1496 764 1543 manus,
803 1482 1163 1546 intelliguntur
1202 1488 1259 1533 et
1293 1482 1434 1533 servi

371 1557 719 1619 procuratoris
746 1564 802 1608 et
821 1557 923 1607 alia
943 1558 1126 1608 cohors
1161 1558 1290 1622 ejus,
1321 1559 1434 1609 scil.

373 1633 460 1698 qui
482 1634 621 1683 circa
640 1641 802 1685 erant.
867 1636 1054 1685 Cicero
1078 1635 1112 1684 Ι.
1145 1649 1206 1685 n.
1231 1636 1282 1685 in
1305 1637 1436 1685 Ver-

371 1722 514 1759 remz
550 1711 565 1739 ⁴
589 1711 814 1762 Comites
847 1713 918 1761 ini
945 1712 1020 1762 tui
1043 1713 1236 1763 delecti
1256 1728 1440 1763 manus

370 1794 517 1837 erant
553 1786 688 1839 tuaez‘
721 1788 977 1854 praefecti,
997 1789 1204 1852 scribae,
1227 1788 1438 1852 medici,

373 1864 593 1924 accensi,
615 1864 932 1929 haruspices,
953 1880 1240 1928 praecones,
1262 1880 1440 1915 manus

374 1944 525 1989 erant
561 1944 694 1989 tnae:
733 1956 833 2003 quo
869 1940 1086 2005 quisque
1128 1948 1182 1990 te
1219 1942 1438 1991 maxime

373 2016 704 2080 cognatione,
743 2016 1014 2083 affinitate,
1053 2018 1440 2071 necessitudine

373 2090 544 2155 aliqua
567 2092 880 2156 attingebat,
915 2094 990 2143 ita
1011 2095 1234 2145 maxime
1259 2110 1438 2147 manus

373 2170 468 2215 tua
504 2166 816 2229 putabatur:
852 2170 1035 2220 cohors
1056 2177 1172 2220 tota
1207 2171 1299 2221 iila
1330 2178 1438 2233 tua,

373 2256 492 2306 quae
517 2243 632 2306 plus
662 2246 786 2293 muli
817 2246 1006 2296 Sicilire
1029 2247 1196 2309 dedit,
1219 2262 1370 2311 quam
1395 2247 1440 2295 si

372 2325 578 2369 centum
597 2320 836 2371 cohortes
854 2320 1189 2385 fugitivorum
1203 2323 1442 2386 fuissent,

373 2400 463 2447 tna
483 2410 662 2445 manus
685 2397 798 2447 sine
811 2400 1160 2449 controversia
1179 2399 1311 2449 fuit.'

440 2470 784 2523 Centuriones
799 2480 972 2525 autem
990 2488 1090 2525 nou
1103 2474 1438 2539 intelligimus
1449 2506 1462 2517 ·

371 2547 484 2597 sine
527 2547 790 2614 militibus,
845 2566 961 2616 qum
1007 2550 1438 2602 formidabilior-es

374 2624 532 2673 etiam
568 2624 729 2687 legati
753 2640 950 2675 manus.
1013 2625 1166 2677 Adde
1206 2636 1438 2679 nostrum

375 2697 565 2749 Annal.
586 2714 664 2749 lv.
691 2707 770 2753 15.
795 2709 851 2751 et
873 2714 990 2753 nv.
1009 2706 1092 2753 31.
1129 2704 1414 2757 Gronovius.

435 2775 654 2825 Alterius
675 2792 859 2840 munus,
875 2779 1167 2827 centuriones
1176 2796 1197 2837 ,-
1217 2779 1440 2841 cumas]

373 2851 459 2901 Sic
496 2854 647 2917 capio
683 2868 884 2909 munus,-
917 2868 1124 2916 nempe,
1159 2868 1274 2903 esse
1322 2870 1440 2917 pro·

373 2929 662 2987 cunctoris3
697 2942 788 2976 seu
829 2927 970 2975 furta
990 2929 1286 2979 centurion·
1305 2928 1442 2991 lega-

375 3001 452 3059 ti;
501 3009 556 3049 et
595 3002 670 3050 sic
709 3010 1006 3065 utrumqne,
1049 3010 1440 3065 procuratorem

375 3082 432 3125 et
455 3077 701 3138 legatum,
739 3076 888 3126 simul
925 3078 1022 3125 cim
1057 3082 1104 3125 st
1143 3079 1444 3129 “aaudiat

373 3154 602 3202 asistere.-
631 3153 729 3203 hoc
773 3167 958 3203 sensu:
1007 3154 1118 3203 sive
1165 3153 1441 3221 discordia,

371 3228 482 3277 sive
523 3228 798 3277 concordia
837 3228 906 3278 sit
942 3229 1080 3279 inter
1121 3229 1256 3279 binos
1284 3246 1440 3295 reges,

373 3301 682 3371 discordiam
753 3305 892 3353 iilam
945 3313 1039 3355 aut
1090 3308 1442 3371 concordiam,

373 3377 592 3441 perinde
615 3381 765 3429 sociis
787 3380 1066 3431 exitiosum.-
1101 3384 1296 3447 quippe
1319 3385 1439 3435 mis-

373 3468 496 3524 cere
517 3456 758 3520 invicem,
779 3458 995 3519 alterius,
1027 3472 1216 3523 nempe
1251 3475 1438 3523 procu-

375 3533 564 3583 ratoris
607 3549 790 3595 mcum,
835 3542 890 3584 et
933 3538 1222 3585 centuriones
1260 3538 1438 3602 iegati,

373 3610 570 3659 akei-ius
601 3611 716 3673 vias,
754 3612 914 3675 iegati
953 3614 1068 3662 scil.
1095 3614 1310 3662 alterius
1330 3628 1438 3663 con-

373 3688 606 3749 amai-⁸,
641 3690 992 3751 procuratoris
1033 3702 1239 3751 nempe.
1323 3690 1440 3753 Vei,

371 3760 669 3812 indistincte
707 3766 926 3815 miscere
957 3766 1156 3815 alter-ius
1187 3780 1351 3815 manus
1393 3772 1440 3815 rt

373 3840 680 3897 autricus,
701 3854 886 3904 nempe
919 3844 1270 3904 procuratoris
1291 3851 1346 3893 et
1367 3845 1441 3895 ie-

375 3917 508 3977 gati,
527 3916 746 3976 eaerum,
765 3916 862 3965 nim
881 3923 925 3965 et
958 3920 1262 3967 contumelias
1283 3919 1442 3969 indis-

379 3990 542 4041 tinet·-
559 3992 714 4041 etiam
737 3991 1018 4055 utriusque.
1075 3994 1250 4043 Malim
1271 4002 1441 4045 tamen

379 4063 582 4117 divisim
613 4066 856 4129 intelligi,
895 4069 968 4115 ita
997 4076 1054 4116 ut
1090 4070 1292 4131 legatus
1325 4071 1441 4121 ruis·

381 4149 504 4191 caat
532 4157 710 4193 manus
744 4142 966 4191 muitum
1001 4151 1056 4191 et
1095 4146 1442 4209 centuriones,

380 4224 686 4279 procurator
709 4231 834 4269 vero
867 4215 1086 4267 misceat
1107 4219 1212 4269 vim
1231 4225 1290 4271 et
1320 4234 1441 4273 con·

1515 1406 1767 1457 tumelias.
1821 1404 1903 1455 Ibi
1943 1405 2057 1467 vim,
2096 1404 2151 1455 id
2191 1410 2288 1467 est,
2319 1404 2581 1478 injuriam,

1515 1489 1574 1531 nt
1628 1497 1803 1546 supra,
1839 1482 2141 1533 exactiones
2174 1480 2446 1544 violentas,
2480 1483 2604 1531 &00'

1517 1556 1653 1621 quod
1677 1563 1831 1607 vocat
1850 1557 2064 1607 Tacitus
2094 1556 2425 1621 ‘iniquitates
2446 1556 2581 1605 obti-

1514 1631 1689 1683 nere:’
1744 1633 2035 1683 cumenae
2073 1633 2229 1682 etiam
2268 1632 2333 1681 ad
2378 1632 2585 1699 eadem,

1517 1716 1572 1759 et
1594 1708 1779 1757 similia
1798 1709 1899 1759 alia
1920 1708 2144 1758 ludibria
2168 1715 2429 1773 spectant.

1581 1784 1797 1835 Alterius
1837 1784 2023 1849 mnus]
2088 1783 2450 1853 Elucigiabitur
2493 1785 2581 1835 hic

1516 1860 1661 1910 locus
1684 1874 1751 1909 ex
1793 1860 1907 1925 ipso
1936 1859 2135 1921 Tacito,
2174 1873 2251 1908 iv.
2276 1864 2355 1907 15.
2423 1858 2585 1923 Apud

1517 1944 1715 2001 patres,
1751 1938 1942 2001 inquit,
1996 1937 2012 1963 ‘
2035 1938 2192 1985 etiam
2238 1943 2348 1985 tum
2392 1944 2585 1987 cuncta

1520 2013 1914 2074 tractabantur3
1972 2012 2105 2063 adeo
2160 2021 2220 2062 ut
2274 2023 2583 2077 procurator

1517 2089 1660 2139 Asiae
1681 2088 1932 2140 Lucillius
1949 2089 2159 2154 Capito,
2179 2098 2453 2139 accusante
2472 2106 2588 2155 pro·

1519 2154 1711 2227 vincia,
1749 2180 1956 2216 cansam
1995 2165 2207 2229 dixerit,
2238 2180 2425 2231 magna
2464 2182 2583 2218 cum

1522 2242 1905 2292 asseveratione
1943 2240 2213 2306 principis,
2250 2256 2353 2290 non
2396 2257 2451 2291 se
2477 2243 2585 2306 jus,

1521 2318 1620 2367 nisi
1642 2318 1693 2367 in
1715 2318 1931 2368 servitia
1960 2324 2017 2365 et
2039 2316 2287 2381 pecunias
2308 2316 2587 2369 familiares

1521 2393 1763 2443 dedisse:
1800 2392 1939 2457 quod
1979 2393 2021 2441 si
2044 2392 2145 2442 vim
2184 2394 2419 2457 praetoris
2443 2409 2587 2445 usur-

1521 2478 1717 2534 passet,
1756 2468 2093 2535 manibusque
2122 2469 2341 2519 militum
2364 2486 2485 2521 usus
2508 2470 2587 2521 fo-

1519 2554 1623 2610 ret,
1660 2552 1841 2611 spreta
1870 2547 1924 2595 in
1947 2561 2011 2595 eo
2034 2546 2276 2597 mandata
2297 2562 2407 2610 sua,
2442 2548 2587 2607 audi-

1519 2632 1637 2675 rent
1660 2622 1866 2673 socios.'
1932 2623 2005 2673 Et
2022 2621 2331 2672 advertebat
2353 2622 2450 2672 hoc
2474 2637 2592 2674 nos-

1518 2709 1601 2753 tro
1622 2703 1739 2751 loco
1762 2699 1976 2750 Tacitus
1992 2702 2057 2749 ud
2076 2698 2173 2747 vita
2196 2704 2244 2748 et
2266 2702 2589 2769 conantius,

1519 2793 1644 2842 quas
1682 2778 1933 2826 describit
1966 2776 2153 2825 Annal.
2179 2788 2295 2825 xiv.
2320 2781 2401 2827 ³1.
2434 2779 2449 2804 ‘
2471 2778 2587 2827 Rex

1521 2853 1797 2903 Icenorum
1820 2853 2161 2914 Prasutagus,
2195 2851 2353 2915 longa
2373 2854 2589 2917 opulen-⁴

1521 2928 1599 2976 tia
1618 2928 1807 2988 clarus,
1848 2927 2111 2975 Caesarem
2146 2927 2403 2977 haeredem
2437 2929 2587 2979 duas-

1521 3018 1623 3067 que
1666 3001 1797 3050 filias
1840 2999 2155 3064 scripseram
2206 3002 2301 3049 tali
2339 3002 2587 3068 obsequio

1520 3084 1667 3126 ratus
1696 3091 1913 3139 regnum
1936 3082 1993 3125 et
2015 3076 2221 3126 domum
2242 3090 2383 3127 suam
2408 3082 2590 3142 procul

1519 3152 1713 3217 injuria
1732 3150 1842 3202 fore
1864 3169 1877 3201 ε
1912 3152 2051 3217 qnod
2074 3160 2255 3203 contra
2276 3155 2464 3215 vertit3
2501 3156 2590 3205 ad-

1519 3244 1582 3281 eo
1610 3236 1668 3279 ut
1690 3244 1901 3294 regnum
1922 3243 2018 3293 per
2036 3230 2385 3293 centuriones,
2407 3230 2589 3281 domus

1521 3321 1616 3371 per
1638 3321 1833 3368 servos,
1874 3307 2016 3355 velut
2052 3312 2211 3369 capta
2239 3312 2585 3357 vastarentur.

1518 3386 1637 3435 Jam
1662 3384 1881 3447 primum
1906 3398 2037 3431 uxor
2061 3383 2173 3446 ejus
2196 3384 2454 3433 Boadicea
2476 3399 2590 3435 ver-

1519 3459 1729 3511 beribus
1744 3458 1951 3520 affecta,
1965 3466 2021 3509 et
2036 3457 2159 3507 fiuae
2178 3466 2363 3523 stupro
2383 3458 2587 3511 violatas

1519 3536 1677 3587 sunt.’
1744 3536 1824 3583 Ex
1848 3537 1927 3583 his
1962 3534 2089 3584 locis
2112 3536 2391 3585 clarissime
2424 3542 2592 3601 patet,

1517 3612 1645 3677 qnid
1686 3612 1909 3661 voluerit
1948 3611 2031 3660 hic
2071 3612 2301 3676 Tacitus,
2356 3613 2588 3679 quamvis

1521 3691 1677 3739 etiam
1706 3687 1906 3751 aliquid
1929 3689 2099 3737 verbis
2138 3690 2360 3740 deesset.
2427 3690 2588 3741 Certe

1520 3780 1701 3826 mum,
1755 3778 1917 3826 arma,
1954 3765 2259 3827 centurioms,
2300 3764 2393 3826 vis,
2439 3766 2594 3828 miles,

1521 3856 1681 3905 penes
1698 3848 1979 3903 pretorem
2000 3855 2089 3889 seu
2114 3841 2345 3904 legatum
2366 3840 2501 3903 suit5
2533 3848 2591 3891 at

1521 3917 1827 3982 iniquitates
1858 3922 1913 3965 et
1956 3918 2247 3966 contumelia!
2282 3914 2393 3965 fere
2429 3930 2588 3979 penes

1522 4000 1913 4059 procuratorem
1939 3999 1995 4040 et
2014 4007 2189 4041 servos
2209 3992 2447 4041 Caesaris.
2482 3992 2589 4039 Pu·

1525 4080 1597 4131 to,
1637 4069 1968 4133 posset-dici,
2009 4067 2316 4117 dist-ordiam
2342 4065 2588 4131 praeposi-
2678 4072 2695 4081 ·

1521 4152 1713 4207 torum,
1732 4152 1819 4193 aut
1838 4144 2195 4205 concordiam,
2212 4142 2589 4193 aua-iusmam

1521 4223 1925 4285 centurionesque,
1951 4220 2151 4269 alterius
2170 4219 2265 4267 nnn
2285 4224 2333 4268 et
2354 4222 2587 4291 mtm3
