3175 4934
1072 117 1133 211 i,

1026 377 1461 447 ossRuAmA,
1504 381 1674 429 osr-
1713 366 1833 429 45ae

2365 365 2544 474 8⁴39

1338 604 1557 655 1001·AE

334 742 583 793 lactentis
604 740 884 789 incoctum.
950 740 1330 789 Murrhinoruru
1348 748 1405 791 et

336 814 769 882 Crystallinoru-
784 816 1003 865 diximus
1024 817 1268 879 gretiam:
1295 818 1404 865 uni-

336 907 483 954 ones,
531 892 667 956 quod
716 891 890 955 capite
947 890 1404 951 circumferuntur,

339 983 553 1035 gemma
576 968 785 1029 digiti„
824 968 877 1018 in
910 969 1145 1017 omnibus
1176 968 1405 1032 denique

336 1045 450 1095 aliis
472 1045 608 1094 vitiis
624 1045 909 1094 ostentatio
940 1054 1029 1095 sut
1049 1060 1165 1093 usus
1190 1046 1367 1108 placet
1388 1062 1403 1095 ι

334 1120 389 1169 in
404 1120 627 1169 succinis
650 1120 955 1169 deliciarum
979 1127 1178 1170 tantum
1214 1122 1409 1171 consci-

334 1196 513 1248 entia.’
584 1198 769 1247 Putem
792 1197 912 1261 quia
934 1204 1091 1247 noctu
1130 1197 1405 1260 gestaban-

339 1278 425 1322 tur
456 1272 671 1321 monilia
714 1273 865 1335 collo,
903 1289 1017 1337 quie
1056 1274 1281 1323 interdiu
1304 1288 1403 1323 uon

336 1358 623 1411 ostentata,
644 1351 782 1399 Pliu.
828 1355 843 1379 ⁶
870 1352 1129 1401 monilium
1157 1354 1271 1401 vice
1292 1364 1403 1399 snc-

334 1427 459 1475 cine
498 1425 855 1488 gestantibus!
933 1428 1065 1475 Usus
1114 1426 1298 1489 aliquis
1350 1428 1401 1476 in

332 1502 611 1560 medicina,
640 1504 655 1529 ‘
678 1502 770 1550 sed
812 1514 913 1550 non
956 1502 1025 1551 ob
1064 1503 1159 1551 hoc
1182 1501 1403 1551 foeminis

334 1577 488 1628 Rom.
527 1578 699 1642 placet
719 1578 753 1625 :’
786 1577 925 1627 forte
948 1592 1045 1627 nec
1066 1578 1273 1627 omnino
1292 1594 1403 1641 ges-

336 1659 451 1703 tata
498 1654 747 1701 matronis
808 1654 1247 1717 splendidissimis,
1308 1654 1399 1703 sed

336 1735 541 1778 tantum
560 1730 697 1778 inter
726 1730 940 1778 delicias
955 1736 1011 1779 et
1030 1744 1155 1793 opes
1174 1739 1402 1780 secretus

338 1805 536 1855 habita.
602 1807 898 1855 ‘Domitius
940 1808 1084 1856 Nero
1116 1808 1169 1855 in
1210 1809 1400 1857 ceteris

333 1880 461 1931 rita
507 1896 613 1929 sune
655 1882 930 1945 portentis,
964 1884 1177 1945 capillos
1199 1898 1401 1949 qnoque

336 1959 576 2022 conjugis
603 1974 709 2008 suae
734 1958 982 2022 Poppaeae
1001 1960 1055 2008 in
1087 1962 1185 2009 hoc
1212 1975 1401 2010 nomen

334 2034 696 2097 adoptaverat,
734 2033 953 2097 quodam
990 2036 1149 2084 etiam
1175 2036 1400 2085 carmine

332 2110 542 2159 succina
566 2110 915 2173 appellando!
980 2111 1135 2159 solio.
1180 2124 1293 2175 cap.
1318 2116 1401 2162 2³.

330 2188 347 2214 ‘
373 2186 524 2237 Rude
562 2188 781 2251 primum
822 2189 1067 2250 nuscitur,
1105 2194 1160 2237 et
1182 2189 1400 2238 cortico-

332 2276 442 2311 sum
460 2280 475 2324 ;
494 2262 683 2311 deinde
704 2263 965 2313 incoctum
982 2263 1136 2326 adipe
1160 2264 1402 2314 lactentis

337 2340 441 2389 suis
458 2340 740 2403 expolitur,
762 2340 829 2388 ad
852 2354 1003 2404 quem
1022 2340 1253 2389 videmus
1274 2341 1405 2389 nito·

335 2429 460 2465 rem.
530 2418 635 2466 Pro
658 2416 790 2466 fecie
813 2416 975 2465 babet
996 2416 1235 2466 nomina:
1274 2417 1399 2465 mel-

332 2492 469 2542 leum
492 2491 700 2554 dicitur,
722 2502 779 2543 et
800 2492 1049 2542 falernum
1071 2509 1087 2553 3
1124 2500 1399 2557 utrumque

334 2564 403 2616 de
445 2568 796 2630 similitudine,
827 2574 917 2617 aut
944 2568 1068 2629 vini,
1098 2576 1189 2617 aut
1220 2570 1399 2632 utiquc

334 2642 539 2691 mellis)
606 2642 669 2690 Iu
708 2644 936 2705 regione,
977 2658 1093 2709 quae
1135 2642 1403 2693 succinum

333 2718 518 2782 mittit,
542 2719 689 2767 resini
712 2717 819 2767 fere
836 2720 989 2768 nullae
1014 2724 1135 2767 sunt
1152 2718 1362 2768 arbores
1380 2735 1395 2779 ς

336 2796 461 2844 stin
484 2796 963 2858 septentrionalium
998 2795 1233 2843 littorum
1262 2802 1397 2843 trac·

334 2876 412 2933 tu,
435 2871 701 2921 bituminis
725 2880 871 2919 certe
894 2884 1055 2934 genus
1076 2868 1264 2918 flavum
1299 2877 1399 2933 est,

332 2954 393 2997 ut
411 2948 612 3010 nigrum
632 2946 769 3009 apud
788 2960 881 2993 nos
907 2946 958 2993 in
976 2944 1246 3007 Arvernis,
1262 2946 1396 3008 ejus-

333 3036 437 3086 que
458 3022 687 3084 paphtba
706 3018 857 3081 flava,
890 3020 1095 3083 qualem
1125 3036 1153 3067 e
1187 3020 1395 3069 Saxoni-

332 3096 433 3147 bus
458 3094 699 3158 afferunt,
716 3102 770 3143 ct
788 3095 1085 3144 Petroleum
1110 3103 1319 3156 vocant,
1336 3101 1396 3143 nt

331 3172 472 3237 spud
498 3185 591 3219 nos
614 3179 747 3220 stra.
814 3171 940 3221 Cum
978 3184 1101 3233 ergo
1135 3169 1281 3221 fonte
1302 3186 1396 3220 suo

330 3247 552 3299 scaturit
582 3247 832 3306 bitumen,
876 3247 927 3297 id
962 3248 1115 3295 molle
1151 3248 1319 3297 adhuc
1341 3258 1395 3299 et

328 3326 580 3391 liquidum
614 3325 763 3375 obvia
796 3340 1019 3391 qunque
1046 3327 1397 3389 amplectitur,

334 3402 545 3465 retinet,
594 3402 847 3461 includit3
902 3398 1065 3451 fluctu
1112 3418 1235 3452 vero
1272 3404 1395 3453 lam·

334 3480 513 3539 bente,
556 3479 605 3526 iu
663 3480 823 3527 altum
859 3478 1206 3541 provolutum,
1240 3481 1395 3529 maris

335 3554 588 3617 vertigine
630 3569 690 3603 ac
740 3555 996 3615 salsugine
1047 3554 1393 3619 temporisque

333 3630 677 3680 diuturnitate
716 3630 962 3690 durescit,
1014 3636 1075 3679 ut
1120 3631 1257 3693 apud
1302 3646 1396 3679 nos

334 3704 751 3769 Pissaphaltmu3
793 3707 969 3769 etjam
990 3712 1098 3755 tum
1132 3705 1397 3755 succinum

334 3789 445 3831 est:
494 3782 671 3846 sicque
694 3790 991 3832 concretum
1017 3783 1067 3831 in
1088 3783 1265 3832 littora
1286 3782 1399 3846 ejus

333 3858 629 3921 scaturigini
672 3858 911 3919 opposita
954 3858 1183 3907 adversis
1230 3858 1397 3907 ventis

336 3933 563 3996 ejicitur.
620 3934 897 3995 Delecump.

398 4008 675 4070 Succisum]
744 4006 933 4055 Poenas
967 4008 1051 4057 bic
1092 4008 1397 4072 omittimus,

333 4080 425 4147 qui
464 4084 729 4133 succinum
778 4083 1029 4144 lacrymas
1063 4099 1175 4134 esse
1221 4084 1395 4133 Helia·

334 4158 478 4218 dum,
496 4156 710 4208 stati-em
734 4171 879 4206 suum
914 4158 1204 4209 Phaetonta
1220 4159 1395 4222 deplo-

334 4234 581 4301 rantium,
614 4232 975 4300 prodiderunt,
1008 4248 1123 4289 cuin
1158 4236 1287 4287 illud
1320 4236 1397 4287 iu-

1482 740 1748 805 geniosum
1772 755 1886 791 esse
1907 748 2252 793 commentum
2273 756 2424 793 uerno
2441 754 2546 793 non

1482 818 1762 881 intelligat.
1829 818 2168 883 Philosophus
2201 827 2345 869 certe
2379 820 2550 868 mirari

1484 908 1587 943 non
1612 894 1738 943 satis
1761 908 2047 958 possumus,
2086 896 2173 958 qui
2215 895 2266 943 in
2301 893 2549 944 absurdas

1484 984 1589 1018 non
1631 984 1746 1019 raro
1785 972 2068 1019 sententias
2105 971 2360 1020 abierunt.
2434 970 2551 1019 Pri·

1486 1060 1626 1096 mum
1647 1062 1768 1096 vero
1799 1061 2007 1110 prorsus
2027 1046 2270 1096 audiendi
2290 1061 2388 1095 non
2413 1052 2551 1106 sunt,

1486 1123 1575 1187 qui
1592 1122 1853 1171 succinum
1893 1124 2295 1187 Elephantorum
2335 1128 2425 1171 aut
2447 1120 2550 1184 pis-

1487 1202 1620 1251 cium
1643 1208 1838 1263 semen,
1874 1202 2063 1264 Lyncis
2101 1201 2316 1258 urinam,
2351 1200 2434 1249 vel
2473 1200 2549 1247 la-

1483 1290 1684 1340 crymas
1727 1290 1842 1325 esse
1889 1276 2148 1325 dixerunt.
2219 1276 2336 1324 Non
2384 1274 2550 1323 miuus

1482 1352 1696 1402 absurdi
1729 1360 1871 1413 sunt,
1921 1352 2008 1417 qui
2041 1352 2278 1401 succinam
2315 1348 2548 1399 concreti

1482 1431 1637 1478 maris
1701 1436 2114 1493 purgamentum,
2165 1428 2247 1475 vel
2303 1429 2545 1491 pinguem

1482 1506 1682 1557 Oceani
1735 1506 1974 1556 sudorem
2029 1519 2142 1553 esse
2207 1503 2496 1553 docuerunt
2527 1518 2540 1551 ε

1484 1596 1638 1645 quem
1695 1580 2006 1630 sententiam
2055 1593 2120 1627 ex
2175 1577 2546 1628 recentioribus

1484 1672 1687 1721 quoque
1707 1657 1938 1706 nonnulli
1960 1655 2154 1705 fovent.

1537 1720 1730 1800 'Neque
1774 1734 1930 1783 fidem
1968 1732 2107 1797 apud
2143 1746 2236 1780 nos
2259 1736 2545 1793 merentur,

1482 1810 1568 1874 qui
1623 1810 1859 1859 arborum
1899 1823 2109 1856 succum
2153 1822 2264 1856 esse
2317 1813 2544 1867 putant3

1480 1898 1770 1949 quanquam
1795 1898 1960 1947 neque
1981 1883 2034 1931 in
2056 1880 2372 1941 designanda
2397 1881 2544 1930 erbo-

1480 1959 1551 2007 ris
1574 1960 1750 2022 specie
1773 1958 2102 2019 conveniant,
2143 1957 2256 2005 aliis
2281 1956 2546 2019 populum,

1480 2035 1594 2086 aliis
1613 2035 1846 2095 cedrum,
1866 2033 1978 2084 aliis
1994 2035 2164 2083 alnum
2188 2033 2268 2081 hie
2283 2030 2546 2080 celebran-

1480 2113 1638 2163 tibus.
1705 2112 1927 2176 Propius
1961 2110 2026 2161 ad
2079 2111 2356 2159 veritatem
2395 2122 2544 2158 acce·

1479 2190 1626 2251 dunt,
1661 2190 1750 2255 qui
1799 2189 1855 2238 in
1889 2187 2012 2251 ipsis
2049 2192 2204 2237 terrie
2261 2182 2544 2233 visceribus

1477 2264 1675 2315 succini
1710 2263 1963 2327 originem
2016 2265 2269 2327 quaerunt.
2349 2256 2452 2307 Sed
2488 2264 2545 2308 et

1479 2340 1660 2389 borum
1683 2354 1782 2389 non
1809 2353 1908 2387 nna
1926 2344 2008 2387 est
2025 2336 2214 2400 opinio.

1546 2416 1769 2468 Quidam
1793 2414 2108 2475 existiment,
2146 2411 2407 2461 succinum
2430 2424 2542 2461 esse

1480 2492 1712 2542 bitumen
1734 2490 2147 2550 subterraneum,
2181 2502 2248 2535 ex
2271 2493 2411 2535 terra
2433 2500 2543 2536 sca·

1480 2567 1700 2628 turiens,
1733 2566 1784 2613 in
1823 2564 1984 2614 fundo
2017 2578 2140 2613 vero
2173 2562 2329 2612 maris
2351 2561 2544 2625 frigore

1480 2649 1798 2693 concretum.
1863 2641 2034 2693 Quam
2079 2640 2392 2689 sententium
2437 2652 2544 2687 am·

1476 2717 1730 2781 plectitur
1749 2716 1974 2768 Joannes
2006 2715 2294 2779 wigandus
2328 2714 2546 2779 Episco-

1478 2807 1575 2856 pus
1609 2793 2021 2842 Pomeraniensis
2054 2792 2104 2839 in
2135 2790 2346 2840 historia
2363 2790 2543 2839 Succi-

1478 2870 1531 2917 ni
1552 2868 1641 2917 fol.
1663 2873 1712 2917 4.
1734 2872 1785 2917 6.
1826 2874 1884 2916 ut
1926 2856 1992 2916 et'
2022 2865 2207 2917 Jouan.
2244 2864 2542 2926 Aurifaber,

1476 2945 1770 3007 Seven-inne,
1811 2943 2090 2993 Goebelius
2145 2942 2198 2990 in
2251 2942 2436 2989 libellis
2475 2942 2541 2989 de

1473 3019 1682 3069 succino
1704 3020 1883 3067 Pruss.
1931 3017 2241 3066 Athanasius
2259 3017 2542 3065 Kircherus

1473 3096 1708 3146 bitumen
1731 3097 1845 3157 boc,
1881 3108 1948 3144 ex
1971 3099 2114 3143 terre
2136 3094 2186 3142 in
2223 3107 2406 3157 aquam
2430 3106 2543 3141 sca·

1476 3172 1697 3232 tui-iens,
1716 3170 1908 3221 elevari
1932 3168 1998 3218 ad
2013 3166 2332 3231 superficiem
2351 3166 2542 3227 maris3

1475 3247 1652 3311 ibique
1674 3245 1921 3297 fluctuum
1961 3246 2183 3308 impulsu
2203 3256 2544 3295 concrescere

1476 3323 1624 3386 dicit,
1675 3324 1730 3371 in
1771 3322 1962 3371 mundo
2009 3320 2366 3381 subterraneo,
2401 3326 2541 3369 tomo

1475 3404 1526 3449 2.
1548 3400 1640 3448 lib.
1659 3412 1785 3447 νιιι.
1805 3407 1934 3447 sect.
1952 3402 1999 3446 8.
2023 3410 2140 3459 esp.
2163 3401 2212 3445 8.
2278 3394 2382 3445 Sed
2404 3396 2540 3445 banc

1478 3476 1720 3525 Kircberi
1744 3474 2049 3524 sententium
2069 3470 2226 3523 facile
2246 3471 2540 3520 convellere

1474 3558 1687 3615 possunt
1728 3550 1922 3599 secolae
1971 3548 2128 3597 meris
2180 3546 2421 3610 Balthici,
2451 3543 2542 3609 qui

1478 3640 1734 3690 nunquam
1779 3624 1832 3673 id
1889 3638 2046 3683 genus
2095 3624 2364 3672 materiam
2397 3621 2542 3687 aquis

1478 3704 1684 3751 marinis
1706 3709 2043 3765 supernatare
2071 3701 2323 3750 viderunt.

1546 3778 1828 3827 verissima
1860 3778 2016 3839 igitur
2045 3774 2193 3825 nobis
2225 3777 2313 3824 illa
2332 3774 2542 3824 videtur

1478 3869 1589 3903 esse
1613 3854 1892 3910 sententia,
1911 3867 2026 3917 quae
2042 3852 2304 3901 succinum
2331 3850 2542 3899 interra

1480 3931 1641 3995 gigni,
1677 3944 1778 3979 non
1802 3930 1974 3986 molle,
2012 3928 2106 3977 sed
2138 3928 2341 3989 durum,
2376 3934 2544 3977 tenet.

1476 4006 1758 4069 Testantur
1780 4006 1916 4055 enirn
1951 4006 2050 4053 hoc
2076 4002 2347 4051 evidenter
2381 4001 2434 4050 in
2459 4002 2543 4050 lit-

1476 4088 1594 4131 tore
1631 4082 1886 4131 Sudavico
1922 4094 2064 4128 veuae
2108 4080 2378 4140 succinere,
2411 4088 2540 4142 quas

1477 4165 1533 4209 et
1560 4172 1654 4208 nos
1681 4158 1735 4207 in
1762 4156 2020 4207 montibus
2053 4154 2286 4217 abruptis
2309 4152 2542 4201 vidimus.

1473 4234 1758 4291 Testnntur
1779 4233 1908 4283 item
1931 4233 2028 4281 hoc
2057 4229 2225 4293 ipsum
2245 4232 2300 4277 ct
2319 4226 2420 4276 alia
2437 4236 2546 4281 meo,
