3175 4934
40 4297 47 4330 “-
40 4216 47 4250 -
41 4139 47 4172 “
41 4061 47 4090 -η
41 4003 44 4010 -

1078 375 1489 440 numne,
1529 377 1700 426 ose.
1739 359 1850 428 12.
2393 343 2589 428 {671²

367 518 595 602 losum
624 521 737 586 teli
764 525 1089 603 repertus.
1160 517 1475 584 ceterum
1506 516 1676 582 faux
1699 517 1890 594 illud,
1919 519 2008 594 et,
2031 520 2106 582 ut
2129 535 2316 582 more
2343 495 2586 584 nostro'

1364 679 1585 733 NOTAE

368 794 577 858 peribus
610 796 842 860 opulenti
875 804 1167 860 evaseruut,
1197 797 1285 848 slii
1308 813 1431 848 vero

371 883 437 920 ex
478 870 707 920 obscuris
747 879 801 922 et
842 873 1149 935 ignobilibus
1188 875 1430 924 illustres.

372 945 593 998 Quidam
648 963 771 998 vero
840 952 1075 1013 privatas
1122 965 1239 999 suns
1293 950 1433 1002 oedes

372 1023 593 1086 publicis
630 1021 869 1088 hospitiis
906 1025 1285 1090 splendidiores
1307 1027 1431 1078 aedi-

371 1097 629 1157 ficerunt3
677 1107 733 1148 et
774 1107 965 1164 quanto
1008 1101 1167 1166 magis
1209 1103 1431 1166 publicoe

373 1186 497 1236 opes
518 1173 797 1224 imminutoe
821 1181 959 1236 sunt,
980 1179 1127 1226 tanto
1162 1176 1325 1239 magis
1358 1176 1435 1224 di-

374 1248 513 1298 vitioe
558 1249 761 1298 illorum
802 1249 1105 1300 increvere.'
1174 1251 1279 1300 Sed
1320 1251 1435 1302 boec

374 1325 417 1373 si
462 1324 515 1374 in
564 1333 805 1389 potentes
862 1325 1123 1390 dicuntur,
1162 1327 1433 1376 calumniae

374 1407 514 1462 sunt,
528 1401 606 1449 his
628 1400 835 1465 quidem
864 1402 1125 1461 moribus;
1161 1411 1435 1466 quantum·

373 1475 451 1522 vis
476 1489 596 1523 vera
616 1475 738 1537 sint,
774 1480 789 1505 ⁶
812 1481 870 1525 et
901 1477 1002 1539 ipsi
1040 1475 1247 1541 quidem
1280 1477 1435 1526 latro-

373 1564 487 1611 nes,
508 1565 649 1600 nune
668 1565 723 1600 se
744 1552 1099 1616 negotiatores
1118 1553 1383 1615 appeliant
1398 1551 1433 1614 ;'

374 1633 435 1675 ut
456 1625 521 1676 de
544 1641 635 1676 suo
652 1641 763 1676 oevo
786 1627 973 1678 scribit
998 1627 1345 1692 Philosophus
1380 1629 1461 1706 in·

376 1701 535 1750 tertio
559 1701 775 1752 thetor.
826 1703 981 1754 Sobel.

440 1775 681 1838 Lucwsoe]
716 1779 853 1828 Plin.
892 1778 1063 1842 Epist.
1098 1793 1151 1828 v.
1192 1783 1273 1830 1⁴.
1306 1779 1321 1807 ‘
1344 1780 1438 1830 Ni-

376 1851 551 1915 grinus
594 1852 831 1903 tribunus
874 1853 1039 1916 plebis
1078 1855 1319 1905 recitavit
1360 1855 1437 1920 [in

374 1927 583 1992 senatu]
600 1929 831 1980 libellum
852 1931 1103 1981 disertum
1124 1938 1183 1982 et
1206 1947 1439 1996 gravem,

377 2017 479 2066 quo
503 2011 713 2067 questus
733 2013 815 2054 est
848 2007 1025 2056 venire
1058 2006 1439 2070 advocationes,

375 2075 556 2128 venire
592 2087 649 2128 et
706 2082 1183 2146 pravaricationes,
1224 2084 1277 2132 in
1318 2083 1439 2134 lites

377 2155 525 2217 coiri,
552 2163 607 2204 et
640 2156 819 2220 gloriae.
854 2158 970 2208 loco
1010 2161 1151 2221 poni,
1170 2175 1237 2208 ex
1260 2159 1441 2224 spoliis

377 2230 567 2280 civium
610 2247 825 2296 magnos
866 2240 924 2283 et
960 2241 1187 2286 statutos
1222 2237 1437 2286 reditus.

379 2306 645 2357 Recitavit
697 2309 872 2372 capita
925 2311 1120 2374 legum,
1172 2312 1443 2364 admonuit

379 2385 960 2447 senatusconsultorum,
982 2385 1033 2434 in
1068 2384 1170 2434 fine
1196 2387 1329 2437 dixit
1352 2403 1442 2452 pe-

381 2457 591 2508 tendum
611 2459 677 2507 ab
693 2459 887 2522 optimo
906 2460 1161 2526 principe,
1174 2462 1443 2528 [Pi-ajano]

377 2543 437 2584 ut
482 2535 601 2600 quis
642 2536 802 2600 leges,
838 2537 957 2602 quia
991 2542 1443 2591 senatusconsulta

380 2617 857 2676 contemnerentur,
916 2615 1031 2678 ipse
1087 2615 1249 2666 tantis
1300 2617 1441 2667 vitiis

380 2685 698 2736 mederetur.
788 2689 951 2739 Pauci
1004 2690 1135 2754 dies,
1172 2685 1245 2742 ‘et
1308 2692 1443 2744 liber

380 2762 635 2827 principis
667 2779 900 2826 severus,
922 2773 981 2816 et
1009 2773 1183 2816 tamen
1212 2769 1445 2818 modern-

381 2845 465 2888 tus
483 2874 498 2889 .
513 2873 527 2888 .
545 2873 559 2890 .
578 2839 743 2890 Quum
778 2855 858 2890 me
883 2840 1059 2904 juvat,
1083 2841 1223 2904 quod
1248 2842 1301 2890 in
1325 2857 1441 2892 cau-

379 2913 449 2964 sis
470 2915 701 2978 agendis,
716 2929 815 2964 non
838 2916 991 2965 modo
1010 2917 1273 2980 pactione,
1290 2917 1443 2980 dono,

379 3003 615 3050 munere,
652 3005 829 3039 verum
852 2991 1013 3040 etism
1035 2991 1219 3042 xeniis
1238 3007 1444 3057 semper

382 3067 637 3116 abstinui:
694 3067 785 3132 [de
825 3081 881 3116 se
922 3067 1151 3134 loquitur
1198 3069 1472 3135 Plinium]

382 3143 597 3194 Interim
652 3143 799 3194 fruor
853 3147 1144 3210 voluptate,
1198 3161 1317 3196 cnm
1356 3148 1445 3197 alii

383 3221 615 3272 divinum
660 3237 761 3286 me,
798 3222 883 3272 ulii
912 3224 1045 3274 meis
1078 3223 1290 3288 rapinis,
1312 3238 1443 3275 meo

382 3297 617 3348 avaritiae
669 3313 957 3362 occursum,
1008 3313 1104 3363 per
1156 3300 1335 3350 ludum
1383 3311 1445 3350 sc

372 3374 553 3438 jocum
598 3373 880 3424 dictitant.’
954 3375 1025 3424 Et
1066 3374 1103 3424 1.
1144 3389 1197 3426 ν.
1239 3379 1321 3428 21.
1376 3375 1445 3426 de

384 3451 593 3514 Nepote
640 3459 890 3516 ,pratore
945 3451 1112 3514 desig.
1183 3451 1200 3479 ‘
1221 3451 1447 3502 Suberat

382 3527 561 3580 edicto
604 3527 1101 3578 senatusconsultum
1144 3527 1274 3578 hoc:
1339 3542 1445 3577 om-

384 3617 493 3664 nes,
516 3604 743 3668 quiquid
762 3603 958 3667 negotii
980 3601 1249 3664 baberent,
1262 3602 1446 3666 jurare

386 3681 527 3744 prius
544 3696 695 3745 quam
719 3696 869 3744 egere
881 3680 1223 3746 jubebuntur,
1243 3679 1369 3728 nibil
1390 3695 1445 3730 se

386 3757 455 3806 ob
492 3755 883 3806 advocationem
936 3757 1175 3822 cuiquam
1224 3755 1451 3820 dedisse,

387 3831 705 3897 promisisse,
722 3835 943 3882 cavisse.
999 3834 1099 3883 His
1117 3833 1255 3883 enim
1273 3833 1448 3884 verbis

386 3924 451 3960 ac
472 3908 613 3958 mille
650 3915 905 3972 preterea
944 3916 1002 3957 et
1040 3909 1216 3959 venire
1236 3908 1453 3958 advoca-

388 3985 579 4046 tiones,
600 3991 655 4033 et
692 3983 795 4032 exui
819 3983 1143 4036 vetabantur.
1208 3985 1451 4035 Peractis

387 4065 565 4110 tamen
578 4056 817 4122 negotiis,
828 4057 1167 4122 permittebat
1176 4059 1453 4124 pecuniam

386 4133 645 4186 duntaxat
688 4133 873 4184 decern
926 4133 1141 4186 millium
1184 4133 1341 4188 dare:
1388 4139 1453 4188 1⁰

388 4210 551 4264 nullis
566 4217 687 4266 sant
706 4215 825 4264 600.
848 4211 1105 4268 moesti.

1576 797 1795 846 Mose
1833 793 2376 859 was...eloqumiae]
2433 793 2574 846 Ptin.

1510 873 1683 938 Epist.
1723 887 1807 924 m.
1839 879 1922 924 Μ.
1969 873 2036 922 de
2073 873 2306 937 Regulo:
2339 873 2356 900 ‘
2379 873 2450 922 Et
2491 873 2578 926 hie

1510 949 1863 1012 hereditates,
1891 949 1974 999 hic
2005 950 2198 1013 legata,
2219 947 2362 1013 quasi
2383 963 2580 999 merea·
2685 991 2702 1004 .

1512 1031 1618 1088 tur,
1651 1026 1878 1089 accipin
1919 1024 2077 1088 (mni
2113 1022 2165 1073 τὶ
2200 1022 2508 1090 δικαίωμα)
2527 1025 2584 1076 in

1512 1117 1577 1151 es
1601 1102 1834 1164 civitate,
1873 1102 1926 1150 in
1959 1117 2061 1166 qus
2087 1101 2198 1166 jam
2237 1101 2438 1165 pridem
2477 1115 2586 1152 non

1512 1177 1710 1225 minore
1732 1177 1964 1241 praemia,
1987 1177 2140 1225 immo
2162 1176 2374 1240 majora,
2401 1177 2581 1241 nequi-

1516 1251 1596 1300 tis
1617 1257 1672 1301 et
1689 1251 2010 1316 improbitas,
2027 1265 2180 1317 quam
2203 1251 2374 1315 pudor
2396 1259 2452 1302 et
2477 1251 2582 1302 vir-

1516 1333 1600 1376 tus
1642 1327 1855 1377 babent.
1929 1327 2124 1392 Aspice
2167 1329 2446 1392 Regulum,
2490 1329 2585 1393 qni

1512 1417 1579 1452 ex
1604 1419 1834 1468 paupere
1855 1409 1914 1453 et
1951 1403 2111 1467 tenui,
2143 1403 2211 1454 ad
2249 1409 2424 1454 tentas
2453 1417 2584 1468 opes

1514 1493 1611 1543 per
1648 1479 1850 1545 flagitia
1893 1481 2166 1544 processit,
2205 1485 2266 1529 nt
2307 1480 2422 1544 ipse
2455 1479 2585 1530 mibi

1512 1555 1728 1618 dixerit,
1771 1571 1888 1606 cum
1929 1557 2240 1620 consuleret,
2280 1568 2434 1620 quam
2476 1554 2586 1606 cito

1514 1632 1814 1681 sestertium
1904 1631 2197 1682 sexcenties
2272 1631 2583 1696 impleturus

1514 1707 1684 1771 esset,'
1708 1709 1806 1758 διο.

1582 1783 1654 1832 Ee
1673 1782 2008 1845 amittentis
2025 1779 2319 1844 eloquentia]
2335 1781 2584 1830 Fortasse

1516 1859 1622 1922 leg.
1663 1863 1712 1908 et
1745 1858 2033 1921 sug-inentis,
2075 1863 2136 1907 ut
2173 1855 2238 1905 nd
2281 1856 2478 1906 lucrum
2525 1860 2586 1904 et

1518 1933 1844 1984 commodum
1907 1931 2022 1982 bec
2094 1938 2298 1982 tantum
2363 1927 2584 1980 referet.

1515 2010 1655 2060 Nam
1685 2009 1972 2072 ung-mn
1993 2007 2216 2071 probum
2235 2006 2446 2072 quidem
2467 2019 2586 2057 ver-

1516 2086 1661 2148 bum,
1683 2087 1776 2136 sed
1799 2099 1902 2134 non
1923 2083 1990 2134 ad
2013 2083 2152 2134 aliud
2179 2097 2334 2148 quam
2363 2083 2430 2132 ad
2469 2095 2586 2132 san·

1518 2163 1724 2226 guinem
1763 2168 1950 2225 sponte
1995 2166 2052 2209 et
2102 2173 2169 2209 ex
2213 2173 2270 2208 se
2322 2159 2584 2210 emittere.

1517 2241 1533 2266 ‘
1560 2237 1724 2288 Artus
1745 2233 2144 2300 sanguinantes}
2180 2234 2197 2261 ⁸
2222 2233 2438 2282 vulnera
2472 2247 2590 2286 san·

1518 2311 1820 2378 guiuantia,'
1845 2312 1898 2361 in
1922 2309 2232 2363 Quintiliani
2255 2308 2588 2360 declamatio-

1519 2389 1670 2439 nibus
1706 2389 1832 2438 mibi
1864 2388 2024 2438 lecta.
2098 2387 2232 2438 Quae
2271 2382 2590 2448 significatio

1520 2479 1704 2528 parum
1740 2463 1826 2512 bic
1866 2467 2010 2526 spts,
2045 2461 2092 2510 si
2129 2461 2194 2510 ad
2230 2459 2590 2510 accusationes

1520 2547 1577 2590 et
1629 2538 1990 2602 sanguisugam
2044 2537 2182 2587 illum
2235 2535 2592 2600 eloquentiam

1520 2615 1774 2678 respexit.
1817 2613 2025 2677 Lipsius.
2087 2611 2166 2661 At
2185 2617 2333 2662 certe
2354 2611 2462 2661 tela
2478 2624 2592 2662 sos·

1515 2689 1796 2752 gudmfia,
1815 2687 2058 2738 Latinum
2079 2693 2180 2747 est,
2201 2692 2263 2735 ut
2297 2701 2409 2736 usus
2437 2683 2592 2750 hujus

1520 2765 1838 2830 eloquentia
1881 2765 2028 2814 telum
2075 2761 2286 2822 dicitnr,
2325 2765 2486 2824 utque,
2527 2763 2592 2815 ut

1522 2838 1730 2889 dicebat
1759 2837 1922 2901 Aper,
1957 2838 2012 2884 in
2051 2837 2199 2884 locust
2235 2835 2322 2884 teti
2356 2839 2594 2897 repertus.

1521 2912 1836 2976 Eloquentia
1871 2911 2017 2960 telum
2037 2917 2134 2972 est,
2154 2924 2257 2973 quo
2291 2908 2592 2959 absterrere

1523 2987 1756 3048 bostem;
1779 2993 1836 3036 et
1853 3000 1954 3050 quo
1972 2986 2236 3046 emittere,
2257 2991 2414 3048 atque
2429 2981 2600 3048 effusi..

1524 3063 1652 3114 dere
1675 3062 1976 3130 sanguinem
2009 3074 2102 3124 pro
2125 3065 2254 3107 nutu
2287 3066 2378 3107 ant
2411 3072 2593 3109 neces-

1524 3142 1681 3192 sitate
1707 3139 1888 3204 possis.
1957 3139 2076 3190 Non
2098 3138 2262 3187 solum
2283 3137 2465 3186 herm
2487 3143 2592 3200 est,

1524 3217 1618 3268 sed
1659 3217 1822 3267 etiam
1865 3219 2084 3264 cruenta
2141 3219 2198 3262 et
2257 3205 2602 3276 sanguinaria]

1522 3295 1638 3344 baec
1658 3292 1988 3358 eloquentia:
2023 3291 2076 3339 in
2099 3285 2416 3340 delatoribus
2443 3293 2594 3339 certe

1526 3381 1803 3437 utrumque
1839 3369 2024 3420 habuit
2045 3383 2200 3432 uun,
2221 3374 2281 3418 ut
2302 3381 2429 3431 opes
2453 3367 2602 3428 seill·,

1526 3457 1616 3499 cet
1653 3456 1710 3497 et
1744 3447 2044 3511 sanguinem
2079 3458 2286 3494 reorum
2320 3457 2462 3508 sepe
2508 3445 2594 3495 vel

1522 3523 1754 3589 ipsorum
1769 3521 2122 3572 innocentium
2138 3518 2449 3571 effunderet.
2473 3521 2596 3572 Nee

1524 3599 1638 3652 fere
1673 3605 1847 3664 potest
1889 3611 2003 3648 esse
2041 3597 2158 3660 ipss
2194 3595 2494 3660 eloquentia
2511 3596 2606 3660 ⁴Bw,

1524 3691 1676 3740 ποια,
1697 3690 1758 3725 ac
1785 3675 2026 3737 sug-inm,
2055 3672 2178 3737 quin
2213 3671 2364 3720 simul
2397 3676 2454 3721 et
2483 3685 2596 3722 san·

1522 3754 1754 3816 guisum,
1799 3765 1892 3800 seu
1934 3749 2262 3812 sanguinaria
2298 3749 2398 3796 sit:
2451 3747 2596 3812 quod

1528 3837 1682 3893 patet
1723 3841 1790 3876 ex
1828 3825 1956 3876 Tac.
1999 3826 2205 3889 possim,
2235 3831 2290 3872 et
2325 3821 2596 3888 praeeipue

1532 3905 1674 3954 Hist.
1713 3917 1791 3951 1v.
1832 3906 1916 3952 42.
1957 3900 2044 3950 ubi
2083 3899 2148 3950 de
2185 3900 2390 3962 Regulo
2424 3900 2596 3950 Nero-

1529 3981 1684 4030 niano
1726 3979 1986 4038 delatore,
2022 3977 2110 4040 qui
2153 3976 2168 4001 ⁶
2193 3975 2496 4024 Crassorum
2537 3979 2598 4024 et

1532 4054 1696 4108 Orfiti
1730 4056 1912 4106 domus
1944 4053 2000 4104 in
2034 4064 2284 4102 summum
2307 4050 2482 4102 odium
2503 4063 2598 4101 ex·

1532 4131 1744 4196 tulerat,
1761 4137 1820 4182 et
1839 4135 2026 4195 sponte
2055 4139 2124 4178 ex
2167 4127 2269 4178 SC.
2301 4127 2406 4192 [sel
2428 4141 2494 4176 ex
2511 4125 2608 4190 se}

1533 4207 1916 4264 accusetionem
1960 4204 2192 4258 subierat
2207 4202 2243 4268 ξ’
2280 4202 2424 4254 unde
2453 4201 2601 4275 ¹²⁸⁹ss
