3175 4934
539 392 719 467 8460

1256 410 1322 457 0·
1368 398 1729 454 commui
1776 398 2034 450 ‘Bactri

1540 529 1756 583 Nom

542 653 647 707 vitz
667 649 718 703 in
731 650 809 700 his
818 649 1076 699 Penatum
1095 648 1475 712 Deorum,qua=
1490 656 1613 695 mox

544 728 716 781 Galba
726 723 991 777 restitnit!
1006 723 1174 787 Igitur
1182 729 1327 787 puto,
1338 736 1438 772 non
1449 720 1612 770 solum

544 805 715 856 Galba
745 800 1045 865 recognovit
1056 805 1147 849 aut
1170 798 1448 859 recensuit,
1464 796 1615 861 Agri-

544 880 675 930 colae
686 877 992 936 ministerio,
1011 875 1146 926 dona
1176 875 1501 937 templorum,
1518 871 1612 922 sed

543 956 701 1005 etiam
714 953 849 1004 dona
858 966 972 1019 quae
986 951 1158 1001 ablata
1168 950 1437 1013 sacrilegio
1446 948 1613 999 Nero·

545 1030 623 1081 nis
641 1029 847 1079 fuerant
864 1027 1097 1077 restituit
1114 1025 1338 1090 templis,
1366 1032 1426 1076 ut
1464 1029 1615 1089 patet

545 1104 696 1155 ibide
716 1101 997 1152 simulacris
1012 1102 1244 1151 Pensatum
1256 1100 1483 1150 Deorum.
1506 1100 1618 1163 Igi-

547 1186 635 1229 tur
650 1176 909 1242 Agricola,
914 1177 1064 1239 jussu
1084 1175 1285 1239 Galboe,
1304 1174 1617 1239 conquisivit

547 1256 683 1305 dona
706 1263 763 1304 et
784 1252 1058 1302 simulacra
1094 1250 1272 1301 ablata
1302 1250 1535 1315 templis,
1556 1254 1616 1298 et

547 1330 637 1378 illa
660 1327 906 1378 restituit.
972 1325 1217 1389 Intellige
1238 1340 1302 1375 ea
1324 1325 1476 1387 dona,
1492 1339 1612 1390 qum

548 1404 675 1453 luxu
697 1407 754 1452 et
776 1400 1106 1465 prodigentia
1138 1400 1363 1451 Neronis
1385 1400 1612 1449 nondum

550 1478 833 1543 perierant.
920 1478 1055 1526 Nam
1109 1482 1255 1525 certe
1297 1490 1403 1523 non
1446 1488 1613 1537 pauca

550 1553 789 1604 absumta
827 1552 879 1600 in
926 1557 1073 1601 tanta
1113 1551 1315 1601 luxuria
1356 1548 1612 1613 accipien-

550 1629 681 1679 tium
716 1626 854 1676 dona
876 1643 909 1677 a
931 1628 1141 1677 Nerone
1160 1642 1178 1687 ς
1210 1632 1267 1676 et
1300 1632 1418 1689 post
1438 1624 1614 1676 interi·

552 1714 660 1755 tum
677 1704 927 1764 Neronis,
945 1719 1045 1753 non
1062 1704 1172 1753 sine
1195 1704 1383 1767 gaudio
1401 1701 1612 1767 publico

551 1780 644 1831 visi
675 1779 749 1830 illi
784 1780 1025 1844 sacrilegi
1059 1779 1279 1843 perinde
1317 1779 1499 1843 inopes
1548 1791 1614 1827 ac

552 1855 643 1923 qni
664 1856 875 1921 spoliati
898 1862 1066 1906 erant.
1110 1856 1229 1907 Nec
1252 1855 1413 1905 etiam
1436 1854 1616 1905 statim

549 1932 786 2004 restituit
814 1932 986 1987 Galba
1008 1932 1256 1997 imagines
1282 1940 1371 1983 aut
1402 1939 1621 1993 statuas,

554 2024 673 2074 quse
711 2017 875 2073 raptae
915 2009 969 2057 in
999 2010 1207 2074 templis
1240 2008 1402 2069 urbis,
1439 2014 1531 2059 aut
1564 2007 1620 2057 in

554 2084 783 2135 Groecioe
830 2092 887 2134 et
926 2084 1067 2135 Asiae
1104 2086 1231 2137 locis
1277 2084 1529 2149 publicis;
1564 2089 1622 2133 et

555 2173 673 2223 quae
710 2159 899 2209 locatae
932 2158 985 2208 in
1008 2160 1142 2210 dom
1162 2176 1307 2210 astrea
1346 2159 1557 2210 fuerant
1588 2173 1622 2208 a

554 2236 798 2295 Nerone;
831 2236 939 2285 sive
962 2236 1086 2300 quia
1106 2234 1279 2285 brevis
1296 2235 1620 2300 principatus

554 2307 709 2372 illius,
741 2324 833 2359 seu
870 2310 1092 2361 avaritia
1124 2310 1277 2361 trium
1313 2310 1622 2375 paedagogo·

556 2401 671 2436 rum
692 2386 990 2450 impeditus,
1010 2387 1119 2437 sive
1136 2387 1235 2436 alia
1248 2400 1424 2438 causa.
1460 2388 1620 2449 Puto,

556 2474 652 2525 per
674 2459 899 2511 Galbam
932 2476 1025 2511 seu
1049 2460 1345 2525 Agricolam
1377 2462 1621 2511 restituta

555 2536 694 2588 dona
743 2545 799 2586 et
842 2536 1116 2587 simulacra
1156 2537 1365 2601 templis
1418 2536 1618 2597 Rome,

556 2617 804 2676 quantum
848 2610 961 2660 fieri
1006 2612 1206 2674 potuit3
1252 2612 1345 2661 sed
1390 2626 1507 2676 que
1545 2611 1619 2662 A·

557 2687 722 2737 chaine
741 2687 987 2750 Asiaeque
1020 2690 1075 2734 et
1092 2685 1473 2749 provinciarum
1494 2692 1622 2736 tem·

558 2762 663 2828 plis
718 2761 924 2812 sublata
962 2768 1132 2822 erant,
1172 2776 1275 2811 nou
1314 2767 1527 2811 revecta
1564 2761 1620 2811 in

556 2837 862 2902 provincias.
929 2838 1127 2887 Postea
1162 2846 1339 2887 tamen
1370 2837 1620 2901 religione

554 2924 819 2980 motus,et
849 2916 918 2966 ad
948 2915 1193 2967 iuvidiam
1215 2914 1507 2966 leniendam
1530 2929 1621 2980 pa·

554 2992 735 3042 latina
752 2992 953 3057 domus,
972 2992 1329 3057 Vespasianus
1345 2992 1470 3042 talia
1484 2992 1624 3041 dona

554 3080 623 3116 ex
660 3067 813 3117 domo
850 3082 1007 3119 aurea
1046 3066 1293 3131 detraxit,
1326 3065 1623 3117 collocavit-

558 3158 660 3209 que
682 3144 737 3193 in
762 3144 958 3207 templo
979 3157 1084 3193 sule
1120 3143 1285 3205 pacis,
1318 3149 1379 3191 ut
1416 3142 1491 3192 ait
1510 3140 1622 3191 Pli-

556 3218 694 3280 nius,
722 3219 862 3283 quod
883 3218 997 3281 ipse
1018 3223 1398 3267 construxerat.
1461 3214 1620 3280 Puto,

558 3306 676 3342 cum
702 3291 873 3340 Galba
894 3306 1067 3341 rernm
1099 3292 1295 3355 potitus
1330 3300 1491 3352 esset,
1510 3292 1620 3355 ejus

546 3368 702 3431 jussu
735 3363 983 3431 Agricola
1003 3366 1309 3430 recognovit
1329 3367 1465 3417 dona
1491 3375 1622 3419 tem-

558 3442 763 3507 plorum
786 3442 840 3491 iu
864 3442 1071 3505 templis
1090 3440 1235 3506 ipsis,
1256 3456 1324 3493 ne
1343 3442 1458 3508 quis
1481 3443 1621 3493 ultro

556 3518 843 3583 sacrilegus
862 3532 1068 3567 manum
1090 3516 1354 3581 injiceret,
1372 3520 1453 3568 vel
1476 3534 1622 3569 aver-

559 3593 718 3644 tendo
758 3594 839 3643 vel
857 3594 1134 3645 minuendo
1157 3594 1321 3645 dona:
1354 3595 1503 3645 simul
1539 3601 1616 3644 ta-

558 3683 677 3720 men
702 3669 870 3720 Galba
894 3670 1203 3721 restituebat
1224 3669 1361 3721 dona
1396 3672 1622 3735 templis,

560 3747 619 3793 et
648 3742 924 3793 simulacra
953 3751 1155 3807 vetera,
1168 3747 1223 3795 ui
1242 3744 1465 3796 conflata
1481 3745 1620 3797 forte

558 3822 752 3881 essem,
772 3824 827 3867 et
842 3818 1080 3870 absumta
1104 3822 1397 3871 Neroniano
1419 3822 1565 3871 luxu.

624 3893 707 3945 Aa
728 3896 851 3943 dean
870 3895 1171 3961 temptor-ma]
1231 3897 1372 3948 Puto
1393 3894 1619 3947 officium

559 3970 676 4033 hoc,
695 3984 791 4021 seu
822 3970 1178 4033 ministerium,
1199 3970 1301 4021 fuit
1332 3974 1620 4022 extraordi-

560 4044 782 4117 narium,
826 4053 887 4098 ut
928 4047 1023 4096 tali
1066 4054 1334 4109 tempore3
1390 4049 1502 4097 scil.
1550 4049 1618 4099 ob

559 4122 835 4187 sacrilegia
872 4122 1113 4187 Neronis,
1132 4131 1189 4174 et
1224 4124 1504 4175 satellitum
1542 4126 1622 4189 ip·

563 4200 689 4251 sius.
754 4200 943 4266 Neque
980 4199 1121 4250 enim
1162 4201 1279 4262 hoc,
1311 4204 1459 4265 puto,
1494 4214 1624 4251 cura

564 4272 669 4327 fuit
704 4290 923 4343 operum
960 4275 1303 4341 publicorum,
1340 4276 1479 4344 quod
1509 4291 1624 4329 mn-

1691 666 1788 704 nns
1810 652 2110 702 instituerat
2126 649 2422 713 Augusta-3
2457 650 2516 697 et
2545 642 2616 695 dc
2647 655 2756 709 qno

1689 729 1905 777 Sueten.
1930 726 2111 776 Vitell.
2127 730 2178 775 ὅ.
2199 724 2215 753 ‘
2232 725 2521 787 Curamque
2538 733 2756 787 operum

1691 801 2012 867 publicorum
2036 799 2434 861 administravit,
2453 800 2552 849 dcc.
2588 796 2641 845 in
2674 808 2759 844 ur·

1693 878 1831 929 bano
1873 874 2044 927 officio
2083 875 2220 925 dona
2258 881 2416 940 atque
2453 876 2760 942 ornamenta

1695 952 2008 1017 templorum
2062 950 2369 1014 surripuisse
2429 954 2486 999 et
2532 958 2760 998 commu-

1696 1037 1834 1080 tasse
1857 1026 2096 1093 quaedam
2111 1024 2398 1089 ferebatur,
2415 1036 2612 1088 proque
2630 1032 2759 1071 auro

1695 1112 1753 1155 et
1787 1111 2003 1169 argento
2045 1110 2282 1153 stannum
2319 1108 2376 1151 et
2411 1098 2758 1150 aurichalcum

1696 1177 2058 1243 supposuisse?
2123 1177 2294 1241 Igitur
2331 1180 2598 1240 praecepto
2631 1171 2763 1223 Gai·

1695 1254 1799 1316 bre,
1853 1252 2262 1316 recognoscebat
2316 1249 2566 1314 Agricola
2621 1247 2763 1297 dona

1693 1330 2004 1393 templorum
2020 1344 2036 1389 ς
2055 1342 2122 1377 ne
2142 1326 2265 1392 quid
2283 1326 2650 1389 surriperetur,
2667 1322 2763 1371 im·

1689 1409 1998 1464 mutaretur,
2021 1409 2110 1451 aut
2127 1406 2526 1465 supponeretur.
2575 1398 2764 1449 Quaa-

1689 1478 1764 1527 tio
1789 1492 1900 1528 esse
1923 1478 2108 1541 possit,
2131 1490 2194 1525 an
2218 1476 2272 1526 id
2308 1481 2468 1525 antea
2503 1472 2762 1525 usiutum

1691 1553 1870 1617 fuerit,
1883 1560 1938 1603 et
1954 1567 2019 1602 an
2034 1553 2346 1616 praepositus
2363 1553 2451 1613 sit,
2465 1556 2526 1600 ut
2543 1563 2607 1599 ea
2619 1548 2765 1599 dona

1691 1637 2093 1693 recognosceret
2123 1643 2192 1679 ex
2214 1629 2478 1679 veteribus
2497 1624 2766 1677 memoriis

1689 1705 1924 1770 priorum
1934 1703 2122 1754 huicce
2145 1702 2318 1755 officio
2340 1702 2765 1767 prepositorum,

1695 1798 1760 1832 an
1798 1781 1930 1835 illud
1963 1794 2153 1830 novum
2193 1780 2372 1831 fuerit.
2437 1777 2662 1827 Videtur
2681 1776 2764 1827 in·

1695 1858 1890 1908 clinare
1920 1856 2156 1920 Tacitus,
2175 1863 2236 1907 ut
2274 1854 2477 1906 caverit
2515 1854 2768 1919 Agricola

1697 1932 1934 1997 diligenti
1956 1932 2310 1998 inquisitione,
2330 1944 2398 1980 ne
2420 1930 2474 1979 in
2495 1936 2766 1994 posterum

1697 2012 1972 2076 sacrilegia
2005 2010 2112 2059 ulla
2145 2015 2594 2075 perpetrarentur,
2615 2007 2768 2075 quasi

1699 2088 1766 2138 ad
1821 2087 1876 2138 id
1933 2093 2091 2138 antea
2151 2086 2320 2136 minus
2377 2085 2768 2147 adverteretur,

1701 2164 1849 2230 quasi
1891 2178 1924 2214 a
1961 2162 2174 2228 proprio
2207 2162 2448 2213 ministro
2481 2174 2586 2211 uon
2605 2167 2767 2211 antea

1699 2240 1838 2292 dona
1854 2240 1967 2289 inec
1991 2244 2508 2303 recognoscerentur,
2521 2235 2616 2287 sed
2649 2242 2770 2287 tan-

1699 2321 1810 2366 tum
1835 2314 1961 2366 talia
1983 2319 2216 2377 curaret,
2237 2313 2328 2378 qui
2359 2328 2524 2377 opera
2555 2312 2768 2377 publiea

1698 2390 1944 2451 curabat3
1979 2396 2037 2441 et
2073 2390 2222 2455 qnasi
2261 2388 2316 2438 id
2354 2387 2652 2453 prudentio
2673 2400 2768 2437 no-

1701 2480 1798 2525 vo,
1819 2478 1911 2515 seu
1935 2464 2210 2516 Galbiana
2231 2462 2425 2525 fuerin
2459 2464 2570 2515 scil.
2609 2476 2770 2528 prop·

1699 2547 1780 2591 ter
1803 2540 2088 2603 Neronem,
2107 2540 2196 2605 qui
2217 2540 2416 2604 templa
2429 2540 2482 2589 in
2505 2539 2636 2589 urbe
2651 2539 2770 2603 ipsa

1700 2618 1969 2680 spoliarat,
2015 2625 2072 2667 et
2115 2618 2170 2667 in
2220 2616 2504 2682 provinciis
2551 2616 2768 2680 passim,

1697 2694 1962 2757 precipue
1983 2694 2036 2743 in
2059 2693 2272 2745 Gracia
2303 2698 2361 2743 et
2383 2692 2530 2755 Asia,
2562 2691 2652 2741 ubi
2673 2690 2772 2741 mi·

1700 2768 1877 2819 racula
1917 2766 2067 2817 fuere
2104 2767 2288 2818 artium
2331 2772 2390 2817 et
2423 2766 2770 2831 ingeniorum,

1701 2856 1817 2906 qum
1831 2842 2006 2893 omnia
2025 2844 2080 2893 in
2102 2856 2308 2894 auream
2329 2841 2535 2891 domurn
2551 2842 2764 2890 invexe-

1699 2924 1784 2967 rat
1825 2918 1992 2969 Nero.
2068 2919 2192 2969 Non
2234 2925 2435 2968 temere
2477 2930 2532 2967 se
2565 2914 2760 2965 talibus

1699 2990 1854 3042 furtis
1905 2992 2271 3043 immiscebant
2316 2998 2410 3044 aut
2459 2989 2768 3056 polluebant

1701 3066 1824 3117 boni
1845 3068 2068 3133 antiqui.
2143 3102 2156 3115 ,

1759 3146 1844 3195 Ad
1885 3145 2006 3195 &aa
2045 3144 2436 3208 reassumendo]
2501 3142 2770 3195 Pius-ren.

1699 3217 1968 3283 Apophtli.
1991 3219 2082 3270 nbi
2113 3220 2182 3271 de
2229 3220 2476 3285 Scipione
2529 3220 2767 3271 minores

1699 3294 1716 3323 ⁶
1743 3294 1874 3345 Cum
1896 3306 2020 3346 vero
2040 3296 2326 3349 invenisset
2345 3296 2526 3347 urbem
2547 3296 2768 3347 Cartha-

1697 3368 1886 3432 ginem,
1907 3376 1963 3420 et
1983 3371 2166 3423 statuis
2185 3371 2391 3423 Grecis
2439 3380 2496 3422 et
2533 3372 2766 3421 Deorum

1697 3443 1945 3508 donariis,
1969 3460 2036 3496 ex
2059 3448 2238 3497 Sicilia
2275 3448 2576 3512 asportatis,
2604 3444 2766 3498 refer·

1701 3526 1828 3585 tarn,
1847 3522 2030 3585 edixit,
2049 3529 2110 3573 ut
2131 3524 2359 3589 quisquis
2375 3539 2442 3575 ex
2463 3523 2768 3575 civitatib-s

1697 3596 1923 3660 adesset,
1945 3612 2040 3649 sua
2071 3607 2488 3665 recognosceret,
2513 3614 2575 3650 ac
2591 3612 2770 3663 repor-

1698 3679 1873 3725 taret!
1931 3675 2022 3725 Sic
2045 3681 2104 3726 et
2125 3676 2314 3739 tegula
2335 3676 2440 3726 illue
2459 3690 2654 3739 auree,
2673 3674 2768 3725 de-

1695 3754 1884 3799 tracta
1926 3753 2122 3815 templo
2155 3750 2375 3803 Juuonis
2409 3750 2662 3812 Laciniae,
2703 3754 2768 3799 nt

1697 3824 1762 3875 iis
1775 3834 2050 3876 ornaretur
2059 3828 2306 3891 templum
2325 3828 2568 3877 Fortunae
2580 3840 2768 3893 eques-

1700 3898 1798 3949 tris
1812 3901 1949 3964 quod
1969 3902 2148 3953 Romae
2161 3902 2478 3965 struebatur,
2513 3903 2602 3968 pio
2613 3903 2772 3968 jusa-

1696 3980 1924 4101 slenatus,
1945 3982 2172 4029 revectus
2193 3978 2520 4046 redditoque
2539 3978 2768 4031 delabro

1736 4064 1932 4101 ononis.

1763 4126 2176 4193 Rucuma]
2201 4129 2292 4180 Sic
2313 4136 2488 4181 autem
2507 4130 2579 4182 de
2605 4129 2770 4182 sacri·

1697 4201 1850 4267 legiis
1907 4204 2134 4255 Neronis
2187 4205 2349 4257 habet
2407 4206 2628 4257 Sueten.
2682 4210 2771 4258 ”-

1699 4278 1717 4308 ‘
1735 4276 1966 4347 Templis
1981 4281 2331 4349 compluribus
2351 4282 2491 4335 dona
2511 4281 2768 4346 deuant,
