3175 4934
1052 399 1464 463 scamonii,
1510 401 1678 450 car.
1718 383 1828 450 46.

2367 380 2546 451 861⁷

1332 607 1545 659 NOTAE

330 753 415 790 am
436 735 733 799 induxerat,
759 741 816 787 et
836 771 849 786 .
866 770 881 786 .
898 769 913 786 .
930 771 945 788 .
962 735 1117 786 facile
1158 735 1397 802 perfece-

332 821 439 876 rat,
460 819 521 862 ut
543 812 701 862 etiam
722 826 865 861 more
896 812 1145 876 majorum
1182 812 1395 877 punien-

330 889 386 940 di
426 889 925 939 condemnarentur:
984 887 1171 938 deinde
1209 887 1397 938 atroci-

336 971 449 1015 tate
470 979 633 1028 poense
656 966 967 1014 conterritus
1006 965 1071 1013 ad
1102 965 1397 1015 leniendam

332 1039 577 1090 invidiam
630 1042 927 1091 intercessit
963 1041 1045 1090 his
1098 1041 1299 1091 verbis.

336 1117 639 1168 Permittite
662 1118 727 1166 P.
752 1118 812 1166 C.
838 1131 869 1166 a
891 1117 1085 1180 pietate
1108 1124 1285 1167 vestra
1306 1118 1398 1166 im·

334 1195 533 1260 petrari
549 1230 562 1243 .
580 1227 593 1242 .
615 1226 629 1242 .
650 1229 665 1242 .
684 1199 745 1243 ut
756 1193 1013 1244 damnatis
1030 1194 1251 1244 liberum
1268 1209 1399 1245 mor·

336 1267 407 1331 tis
430 1270 695 1318 arbitrium
720 1269 1065 1332 indulgeatis)

402 1344 702 1407 Helvidium]
734 1343 1061 1395 Defenderat
1098 1343 1401 1397 Helvidium

333 1418 501 1469 filium
543 1420 763 1482 Plinius,
797 1421 907 1471 scil.
950 1428 1067 1484 post
1085 1423 1404 1472 exstinctum

336 1495 709 1546 Domitianum.
774 1497 897 1560 Ipse
936 1497 1072 1547 Pliu.
1118 1499 1285 1561 Epist.
1327 1511 1403 1548 xv.

334 1575 419 1630 21.
456 1572 473 1600 ‘
496 1573 711 1622 Patrem
734 1573 935 1622 illarum
958 1572 1259 1624 defunctum
1282 1589 1406 1639 quo-

336 1663 456 1714 que,
478 1648 597 1712 [snb
620 1649 915 1700 Domitiano
936 1650 1205 1714 occisum,]
1230 1666 1404 1716 perse·

336 1723 697 1774 versutissime
736 1725 918 1789 diligo,
951 1735 1011 1776 ut
1050 1727 1255 1776 actione
1286 1741 1406 1777 mea

336 1799 587 1864 librisque
607 1807 855 1850 testatum
874 1807 956 1852 est
975 1819 991 1852 z
1008 1801 1093 1851 cui
1114 1816 1251 1852 nunc
1273 1817 1403 1852 unus

338 1877 595 1936 extribus
616 1876 795 1926 liberis
817 1883 1073 1942 superest,
1093 1876 1405 1942 domumque

338 1953 571 2018 pluribus
616 1953 941 2004 adminiculis
979 1959 1101 2004 ante
1133 1951 1401 2004 fundatam

338 2028 602 2079 desolatus
623 2029 773 2079 fulcit
793 2043 853 2079 ac
868 2028 1127 2081 sustinet!

404 2105 477 2154 Et
514 2105 685 2168 Epist.
706 2117 808 2154 vn.
828 2109 912 2154 8⁰.
943 2105 960 2132 ‘
984 2105 1137 2154 Licet
1174 2108 1235 2153 tu
1278 2103 1403 2152 mihi

338 2177 527 2230 bonum
568 2180 791 2229 animum
842 2177 1023 2242 facias,
1068 2180 1157 2244 qni
1198 2179 1405 2229 libellos

339 2269 483 2306 meos
526 2255 593 2304 de
648 2256 845 2305 ultione
896 2255 1131 2305 Helvidii
1186 2255 1407 2306 orationi

340 2331 709 2382 Demosthenis
732 2331 856 2380 κατὰ
885 2329 1091 2396 Μειδίου,
1123 2335 1287 2380 contra
1308 2329 1407 2379 Ma·-

339 2408 489 2468 dshm,
504 2406 744 2470 confers,’
766 2411 865 2459 ἁτε.
933 2408 1141 2459 Quanto
1158 2407 1332 2457 studio
1350 2412 1408 2457 et

342 2483 529 2532 ardore
582 2483 636 2531 id
692 2483 877 2547 egerit,
934 2483 1120 2547 passim
1174 2482 1409 2534 celebrat

340 2558 479 2609 idem
509 2560 649 2608 Plin.
676 2559 753 2608 sic
790 2567 847 2610 et
867 2560 1035 2622 Epist.
1067 2573 1191 2608 vm.
1227 2564 1305 2610 12.
1338 2558 1407 2608 (le

342 2635 599 2696 Capitone
624 2650 636 2680 ε
672 2635 689 2662 ⁶
714 2633 907 2683 Scribit
940 2634 1109 2684 exitus
1128 2633 1409 2682 illustrium

340 2709 587 2772 virorum,
607 2708 661 2758 in
682 2709 763 2771 iis,
796 2709 1116 2774 quorundam
1147 2709 1268 2758 mihi
1290 2709 1409 2758 cha-

342 2785 671 2835 rissimorum.
735 2785 931 2835 Videor
972 2799 1097 2848 ergo
1138 2783 1283 2847 fungi
1324 2783 1411 2846 pio

340 2877 573 2926 munere,
604 2875 1045 2926 quorumcumque
1066 2859 1308 2922 exequias
1324 2872 1410 2906 ce-

340 2938 544 2988 lebrare
578 2952 681 2986 non
702 2937 868 2997 licuit,
897 2936 1077 2984 horum
1102 2934 1245 2998 quasi
1266 2933 1411 2983 fune-

340 3012 523 3062 bribus
562 3009 961 3070 laudationibus,
1014 3009 1146 3058 seris
1184 3009 1410 3072 quidem,

341 3089 435 3138 sed
461 3092 609 3138 tanto
632 3087 794 3149 magis
816 3085 949 3134 veris
973 3083 1255 3134 interesse!

410 3163 719 3226 Heluidium]
753 3161 975 3223 Plinius,
994 3161 1220 3223 ipsomet
1256 3163 1411 3220 teste,

344 3241 516 3305 Epist.
535 3251 619 3288 ιι.
646 3243 726 3287 13.
750 3237 839 3286 nbi
857 3237 922 3286 de
959 3235 1203 3286 Publicio
1232 3236 1412 3300 Certo,

344 3317 433 3382 qui
477 3315 776 3366 Helvidium
818 3313 1144 3363 subverterat
1182 3317 1411 3362 cruentas

346 3391 651 3443 adulationis
673 3389 887 3452 flagitio,
906 3386 1184 3452 magnifica
1208 3387 1413 3437 actione

344 3469 487 3518 ultus
519 3475 602 3517 est
633 3466 871 3515 amicum.
938 3465 1007 3513 Et
1030 3464 1082 3512 in
1105 3462 1207 3512 fine
1222 3463 1413 3513 oratio·

344 3544 427 3594 nis
446 3543 769 3593 extollebant
801 3557 917 3591 eum
956 3548 1134 3604 patres
1156 3540 1411 3590 universi:

347 3620 364 3648 ‘
390 3619 509 3668 Non
547 3617 679 3680 fere,
702 3618 889 3682 inquit,
913 3617 1181 3682 quisquam
1201 3617 1253 3664 in
1270 3630 1415 3664 seua-

346 3694 546 3758 tufuit,
583 3696 669 3760 qui
704 3709 787 3744 me
820 3709 924 3743 non
956 3694 1417 3756 complecteretur,

347 3773 755 3838 exoscularetur,
772 3771 1118 3835 certatimque
1136 3769 1313 3818 laudes
1331 3784 1419 3818 cu-

348 3848 593 3907 mularet,
637 3846 775 3910 quod
820 3847 1165 3897 intermissum
1197 3845 1417 3909 jamdiu

348 3937 545 3977 morem
569 3924 620 3971 in
646 3921 910 3985 publicum
950 3922 1275 3982 consulendi,
1313 3935 1419 3970 sus-

351 4001 520 4064 ceptis
544 3997 767 4062 propriis
807 3998 1155 4048 simultatibus
1192 3997 1419 4047 reduxis-

354 4074 500 4136 sem,’
522 4077 622 4124 ὅτε.
647 4072 811 4134 Dicit,
841 4074 1047 4134 propriis
1082 4073 1419 4134 simultatibus,

358 4149 479 4216 quia
493 4149 605 4212 jam
628 4148 831 4213 pridem
854 4161 955 4196 non
974 4149 1195 4213 propriis
1218 4157 1310 4199 aut
1328 4149 1420 4198 do-

354 4224 587 4276 mesticis
628 4223 761 4274 odiis
804 4225 1123 4274 accusabant
1156 4238 1291 4290 reos,
1325 4225 1422 4274 sed

486 4305 669 4370 Delpli.
690 4308 737 4355 et
765 4303 881 4357 Vur.
901 4304 1032 4358 Cla-5.

1400 4302 1554 4356 raon.

1474 737 1678 786 scelere
1699 741 1754 787 et
1779 735 2032 790 instinctu
2052 735 2220 786 alieno
2240 736 2292 786 in
2309 737 2542 803 egregius

1474 812 1856 951 gzfflsszoenoes
1879 812 2017 862 viros
2058 812 2360 877 seviebant,
2377 813 2542 864 exitio

1540 962 1847 1025 Heluidium]
1866 963 2005 1014 Plin.
2019 963 2186 1028 Epist.
2203 978 2288 1016 ιιι.
2311 971 2362 1016 2.
2384 966 2401 994 ‘
2415 967 2546 1031 Sep-

1452 1079 1459 1086 .
1476 1045 1584 1089 tem
1609 1039 1784 1090 amicis
1803 1039 1952 1102 meis,
1968 1045 2062 1090 aut
2079 1039 2282 1100 occisis,
2299 1044 2546 1093 auti-ele·

1479 1115 1646 1180 gatis:
1690 1114 1894 1165 Occisis
1943 1115 2250 1178 Senecione,
2309 1117 2546 1184 Rustico,

1478 1191 1742 1242 Helvidio.
1807 1191 2078 1255 Relegatis
2109 1193 2365 1256 Maurico,
2413 1193 2550 1246 Gr·-

1480 1267 1614 1330 tilla,
1635 1265 1810 1328 Arria,
1854 1267 2086 1316 Fannia!
2148 1266 2376 1318 Gratilla
2407 1267 2547 1320 fort-‚e

1483 1359 1615 1393 uxor
1653 1351 1746 1394 aut
1782 1343 1892 1393 tilia
1929 1343 2171 1394 Maurici.
2253 1344 2410 1395 Arria
2445 1343 2550 1398 fuit

1484 1427 1655 1470 mater
1696 1421 1926 1482 Fanniae,
1962 1435 2079 1484 quae
2118 1435 2346 1470 noverca
2367 1422 2551 1474 Helvi·

1484 1497 1557 1545 dii
1590 1496 1846 1560 junioris:
1899 1496 2014 1546 brec
2067 1495 2227 1547 Arria
2279 1497 2382 1546 fuit
2413 1513 2550 1549 uxor

1482 1575 1748 1636 Thrasea,
1784 1588 1852 1624 ex
1887 1573 2044 1624 Arria
2065 1573 2202 1624 Paeti
2224 1574 2550 1640 Caecinoego

1484 1649 1616 1699 uita.
1684 1648 1886 1698 Fannia
1905 1649 2016 1697 haec
2033 1649 2280 1699 'l'lirasere
2303 1657 2362 1700 et
2377 1649 2548 1703 Arria

1484 1723 1592 1774 tilia
1629 1731 1686 1773 et
1721 1737 1852 1772 uxor
1885 1722 2113 1772 secunda
2133 1723 2366 1774 Helvidi!
2383 1723 2554 1776 senio-

1484 1800 1574 1860 ris,
1590 1805 1651 1848 et
1671 1802 2053 1862 consequenter
2069 1811 2295 1852 noverca
2317 1797 2552 1848 Helvidii

1481 1873 1598 1936 filii,
1619 1875 1708 1940 qui
1729 1889 1797 1924 ex
1833 1873 2011 1938 priore
2031 1873 2132 1922 alia
2164 1887 2324 1923 uxore
2347 1875 2551 1937 genitus

1480 1957 1612 2002 erat.

1546 2028 1726 2079 Manus
1745 2025 1944 2090 nostre]
1978 2025 2118 2076 Puto
2139 2027 2236 2076 lioc
2256 2026 2422 2090 ipsum
2445 2039 2552 2076 me·

1484 2103 1732 2154 tuebatur
1767 2104 1866 2154 sub
1910 2103 2146 2165 Nerone,
2179 2117 2298 2152 cum
2328 2104 2555 2154 Thrasea

1483 2181 1597 2230 scil.
1619 2181 1960 2240 consultaret,
1998 2193 2064 2227 an
2095 2179 2460 2240 ingrederetur
2475 2194 2553 2228 se·

1484 2265 1684 2319 natum,
1729 2255 1868 2306 Anu.
1910 2256 2000 2305 lib.
2041 2268 2160 2304 xvi.
2199 2253 2555 2318 opponebant

1486 2332 1658 2391 amici,
1688 2331 1949 2381 ‘ludibria
1989 2335 2046 2380 et
2083 2330 2423 2382 contumelias
2459 2329 2554 2380 im·

1484 2410 1683 2459 minere
1716 2409 1792 2472 [in
1815 2407 2058 2470 senatuJ:
2099 2407 2428 2457 subtraheret
2463 2421 2553 2456 au·

1487 2500 1571 2536 res
1594 2484 1846 2535 conviciis
1868 2492 1922 2534 et
1947 2485 2168 2549 probris.
2235 2485 2356 2534 Non
2386 2485 2553 2534 solum

1489 2562 1847 2611 Cossutianum
1888 2569 1981 2611 ant
2023 2561 2240 2624 Eprium
2275 2560 2338 2608 ad
2385 2560 2552 2610 scelus

1488 2643 1738 2701 promtus,
1779 2651 2049 2700 superesse
2083 2636 2170 2700 qui
2209 2635 2429 2686 forsitan
2451 2651 2556 2686 ma.-

1485 2725 1585 2760 nus
1605 2713 1846 2776 ictusque
1869 2724 1963 2775 per
1985 2710 2358 2760 immanitatem
2397 2710 2556 2761 auda·

1490 2795 1628 2848 rent,
1665 2789 1824 2837 etiam
1865 2789 2025 2836 bonos
2055 2796 2196 2836 metu
2221 2789 2382 2850 sequi.
2449 2787 2556 2838 De-

1491 2863 1726 2912 traheret
1763 2863 1938 2926 potins
1960 2864 2184 2923 senatui,
2205 2877 2358 2926 quem
2380 2877 2558 2926 peror-

1488 2937 1732 2997 navisset,
1774 2935 2034 2985 infamiam
2065 2937 2202 2985 tanti
2235 2935 2436 3000 flagitii,
2455 2941 2556 2989 oze.

1486 3011 1718 3061 Proinde
1731 3011 2410 3074 intemeratus,impollutus,
2435 3025 2560 3077 quo·

1488 3101 1602 3136 rum
1623 3087 1860 3151 vestigiis
1881 3093 1938 3135 et
1959 3087 2140 3137 studiis
2157 3086 2316 3136 vitam
2333 3088 2562 3154 duxerit,

1490 3176 1667 3213 eorum
1687 3163 1850 3225 gloria
1873 3170 2086 3225 peteret
2105 3162 2300 3211 finem?

1556 3240 1836 3290 Heluium
1849 3239 1902 3288 in
1922 3239 2176 3302 carcerem]
2209 3241 2376 3290 Quam
2416 3237 2562 3288 (lissi-

1490 3315 1640 3364 miles
1691 3315 1767 3363 illi
1810 3322 2041 3364 veterum
2093 3322 2316 3379 patrum.
2383 3315 2458 3364 Hi
2503 3327 2562 3366 se

1492 3391 1644 3453 longe
1666 3390 1821 3438 aliter
1844 3405 2052 3454 gessere
2091 3391 2212 3440 olim
2254 3405 2376 3456 erga
2411 3393 2563 3442 Cato-

1494 3481 1631 3517 nem.
1698 3467 1876 3515 Valer.
1901 3467 2047 3516 Max.
2083 3468 2170 3516 lib.
2191 3480 2255 3516 11.
2291 3469 2308 3496 ⁶
2335 3468 2411 3515 M.
2437 3482 2562 3532 quo·

1494 3555 1598 3607 que
1616 3541 1858 3590 Porcium
1882 3543 2134 3591 Catonem
2159 3541 2426 3592 admiratio
2450 3557 2560 3593 sor-

1496 3619 1563 3667 tis
1584 3624 1644 3668 et
1672 3619 1888 3666 sincerae
1910 3618 2034 3667 vite
2053 3617 2184 3667 adeo
2198 3618 2558 3668 admirabilem

1498 3693 1699 3742 senatui
1741 3691 1888 3754 fecit,
1921 3699 1980 3742 ut
2001 3707 2139 3753 cum,
2173 3694 2336 3741 invito
2361 3695 2420 3743 C.
2445 3694 2560 3743 Cre·

1496 3783 1613 3818 sare
1669 3770 1895 3831 consule,
1958 3768 2207 3818 adversus
2259 3769 2562 3830 publicanos

1497 3844 1718 3894 dicendo
1758 3844 1812 3892 in
1871 3844 2028 3893 Curia
2076 3845 2212 3893 diem
2245 3845 2564 3905 extraheret.

1498 3928 1553 3971 et
1570 3921 1638 3970 ob
1658 3921 1710 3970 id
1729 3921 1842 3984 ejus
1869 3921 2022 3983 jussu
2041 3935 2072 3969 a
2109 3921 2298 3970 lictore
2313 3921 2366 3969 in
2390 3933 2564 3969 carce-

1498 4011 1608 4046 rem
1655 3997 1947 4058 duceretur,
1983 3998 2252 4045 universus
2273 4002 2484 4045 senatus
2505 3994 2566 4044 il·

1495 4073 1604 4121 ium
1643 4073 1789 4137 sequi
1831 4086 1932 4122 non
1973 4071 2270 4132 dubitavit5
2317 4085 2434 4135 qum
2479 4081 2564 4120 res

1499 4148 1660 4200 divini
1686 4147 1841 4199 animi
1853 4145 2300 4220 perseverantiam
2317 4143 2502 4195 flexit?

2287 4299 2436 4352 1⁰11
