3175 4934
1090 430 1500 504 santonus,
1537 437 1718 491 eu.
1756 424 1867 493 36.

2402 410 2585 493 ‘ssa

1375 649 1597 705 Nom

377 788 436 835 ts
455 786 628 835 autem
657 796 849 847 pugna,
873 783 988 847 jam
1009 782 1212 848 equites
1231 789 1287 833 et
1309 783 1444 833 covi-

377 860 512 909 narii
533 863 829 919 miscentur,
864 859 958 909 sed
979 860 1151 910 verbis
1187 860 1262 909 sic
1285 860 1442 910 corri-

379 937 580 1000 gendis.
646 936 852 985 Interim
873 937 1079 1000 equitum
1122 942 1292 987 tuma
1325 936 1445 1002 effit-

377 1010 504 1076 δικ,
523 1018 572 1063 et
591 1012 824 1063 conium-ii
839 1014 1054 1077 peditum
1075 1028 1124 1064 se
1141 1011 1309 1077 praels’o
1330 1014 1445 1063 mis·

376 1103 529 1139 essere.
603 1089 717 1139 Aut
761 1089 952 1152 potius,
990 1094 1161 1138 turmae
1194 1088 1360 1153 effusa
1396 1094 1452 1139 et

375 1166 622 1215 meina-ii.
704 1162 956 1215 Profecto
977 1164 1091 1229 jam
1133 1171 1446 1228 pugnarunt,

378 1246 434 1289 et
480 1254 702 1305 sequens
738 1241 968 1289 narratio
1009 1246 1123 1290 tota
1162 1239 1320 1291 dicit:
1369 1246 1446 1289 at-

375 1316 553 1365 tende.
619 1316 827 1379 Lipsius.

443 1390 658 1455 Fugere]
693 1392 849 1440 Certe
872 1390 970 1455 ipsi
1010 1390 1213 1455 equites
1237 1392 1441 1441 Britan-

375 1482 559 1519 norum
615 1475 668 1516 et
713 1467 959 1517 coviusrii
1013 1466 1276 1519 debebant
1329 1469 1442 1520 fere

375 1544 592 1593 eandem
635 1544 800 1592 aciem
823 1543 1160 1607 constituere,
1199 1546 1441 1595 eandem-

376 1632 478 1684 que
515 1624 756 1683 pugnam,
797 1633 1000 1683 nempe,
1043 1627 1356 1684 equestrem,
1377 1623 1442 1671 si-

374 1697 482 1745 mul
526 1702 748 1755 certare,
787 1703 843 1745 et
881 1695 1062 1744 eodem
1101 1693 1214 1744 fere
1251 1696 1440 1747 modo:

375 1770 641 1821 debebant
657 1772 792 1821 enim
824 1772 986 1820 instar
1009 1772 1252 1835 procellae
1277 1786 1441 1823 erum-

377 1863 523 1913 pere,
552 1848 805 1911 simulque
850 1847 1027 1909 impetu
1057 1844 1197 1907 facto
1235 1861 1438 1910 perum·

373 1940 502 1993 pere
525 1925 688 1975 aciem
712 1924 864 1975 Rom.

374 2046 380 2051 .
439 2004 511 2052 Et
531 2016 594 2053 eo
617 2001 830 2052 consilio
853 2000 1003 2049 simul
1027 1998 1269 2063 dispositi
1288 1999 1440 2050 initio

371 2080 542 2149 praelii
579 2079 820 2129 fuerant:
853 2079 870 2105 ‘
893 2078 1063 2128 media
1093 2081 1262 2143 campi
1301 2080 1441 2129 covi-

371 2158 547 2219 ‚narius
569 2166 624 2207 et
646 2172 804 2223 eques
839 2156 1064 2219 strepitu
1102 2171 1164 2206 ac
1203 2156 1438 2207 discursu

372 2234 704 2300 complebat!
773 2232 848 2283 At
863 2234 1072 2297 primum
1092 2248 1278 2297 agmen,
1299 2248 1438 2283 uem·

371 2327 442 2377 pe
465 2312 720 2376 peditum,
741 2312 793 2361 in
809 2326 957 2375 oequo,
987 2310 1134 2359 ceteri
1161 2325 1250 2372 per
1269 2312 1441 2361 accline

359 2386 538 2453 jugum
581 2386 832 2451 dispositi,
854 2393 910 2437 et
945 2386 1178 2449 praetium
1199 2385 1388 2449 incipit
1410 2401 1441 2435 a

371 2464 657 2531 peditibus,
705 2464 794 2528 qui
842 2464 896 2513 in
937 2477 1068 2526 equo
1120 2460 1440 2522 obstiterant,-

373 2539 558 2606 quibus
583 2538 751 2603 victis,
782 2536 971 2589 itur'ad
1005 2537 1210 2601 pedites
1245 2537 1334 2602 qui
1353 2552 1440 2601 per

371 2616 545 2667 accline
579 2616 754 2677 jugum
802 2613 1002 2664 connexi
1053 2614 1177 2662 uelut
1219 2613 1438 2675 insurge·

371 2696 515 2765 ren&
548 2691 660 2740 scil.
701 2692 754 2741 in
788 2691 986 2753 speciem
1021 2688 1163 2739 simul
1197 2702 1254 2737 us
1286 2691 1437 2737 terro-

371 2784 492 2832 rem,
517 2768 604 2834 qui
647 2767 830 2818 eodem
868 2768 1066 2831 impetu
1107 2765 1260 2816 simul
1290 2766 1440 2815 tracti

371 2859 434 2897 ac
469 2844 730 2911 profligati
754 2852 890 2895 sunt.

437 2921 642 2993 interim
689 2922 898 2983 equitum
929 2924 1100 2967 tur-mc
1135 2918 1330 2979 sugere.
1365 2916 1442 2967 At

373 2989 634 3071 quomodo
665 2994 930 3058 fugerent,
953 2993 1040 3056 qni
1059 2992 1286 3041 noudum
1307 3006 1440 3055 proe·

371 3072 444 3123 lio
468 3070 698 3121 lacessiti
735 3070 892 3118 sunt?
925 3068 1092 3119 Immo
1119 3068 1289 3131 potius
1325 3082 1439 3117 eru·

371 3162 502 3211 pere
521 3145 742 3210 equites,
765 3152 826 3195 nt
845 3151 900 3193 et
924 3144 1195 3206 coviuarii,
1217 3158 1334 3193 cum
1351 3158 1439 3207 pe-

371 3214 510 3273 ‘dites
531 3234 648 3271 suos
685 3226 932 3270 nutantes
955 3226 1012 3271 et
1032 3220 1276 3283 impulsos
1297 3219 1439 3269 vide-

369 3292 516 3361 runt,
536 3306 594 3348 et
629 3296 682 3345 in
702 3297 884 3347 eadem
906 3295 1020 3345 scie
1055 3295 1258 3361 equites
1277 3300 1332 3345 et
1356 3310 1439 3345 co-

371 3376 555 3427 vinarii
595 3374 865 3437 dispositi;
920 3380 1030 3427 tum
1087 3378 1160 3434 at,
1212 3371 1440 3419 cecineris·

370 3454 584 3529 peditum
620 3466 670 3501 se
698 3450 866 3513 proelio
904 3446 1146 3503 miscuere,
1170 3461 1358 3510 nempe
1379 3451 1440 3495 ut

373 3528 636 3581 labantem
671 3540 881 3576 snorum
905 3523 1067 3575 aciem
1109 3524 1442 3573 sustinerent.

375 3592 569 3659 Quidni
591 3612 646 3653 et
681 3602 900 3665 equites,
937 3599 1024 3665 qui
1045 3598 1194 3648 simul
1233 3598 1288 3647 in
1327 3596 1440 3646 acie

372 3672 602 3731 'ordinati
622 3678 779 3727 etiam
803 3692 856 3725 se
886 3674 1016 3740 ipsis
1053 3673 1437 3737 adjungerent?

377 3756 447 3812 Et
463 3760 608 3805 certe
643 3752 796 3816 infra,
829 3755 843 3779 ‘
868 3752 1076 3800 minime
1109 3742 1361 3815 equestris
1379 3762 1442 3797 ea

377 3824 567 3897 'pugna
602 3828 760 3878 facies
781 3828 811 3877 ε’
845 3841 970 3890 ergo
1007 3835 1114 3877 tum
1139 3824 1442 3891 pugnabant

372 3900 533 3958 etiam
549 3906 742 3969 equites.

373 3978 380 3984 ’
439 3982 611 4051 Igitur
655 3982 737 4031 bic
779 3978 1013 4044 legerim,
1051 3992 1307 4041 mpere,
1351 3982 1444 4026 aut

377 4062 456 4117 sic
479 4062 654 4113 deleta
677 4072 802 4108 voce
829 4057 1035 4119 sugere:
1071 4055 1275 4105 Interim
1315 4052 1444 4115 equi-

377 4122 484 4189 ἐιη
504 4143 694 4197 turmae,
715 4134 816 4199 (ibi
857 4132 1154 4195 conjunctio
1174 4136 1222 4181 et
1267 4128 1440 4177 subin-

375 4206 692 4278 telligenda)
747 4220 802 4260 et
855 4208 1084 4259 euvinus-ii
1135 4207 1348 4270 peditum
1393 4218 1443 4253 ae

372 4282 548 4355 pram
567 4286 814 4349 adsume,
831 4288 880 4335 ee
921 4296 1180 4347 quanquam
1210 4280 1443 4331 mentem

1522 789 1751 833 terrores·
1803 782 2079 844 manunt,
2122 779 2391 845 (Romam
2444 778 2586 849 suli.)

1522 860 1679 909 densis
1696 865 1858 909 tamen
1884 858 2086 907 hostum
2122 856 2406 921 agminibus,
2447 858 2587 922 quod

1523 934 1809 997 intelligam
1832 934 2008 998 potius
2048 932 2117 982 de
2150 932 2437 997 agminibus
2476 948 2589 985 suo-

1525 1025 1639 1061 rum
1662 1010 1913 1075 peditum,
1937 1009 2121 1075 quibus
2154 1023 2211 1059 se
2252 1008 2587 1070 miscuerant,

1528 1102 1680 1152 quam
1720 1087 1786 1138 de
1808 1086 2069 1149 Romanis,
2089 1101 2120 1135 a
2143 1084 2327 1150 quibus
2361 1084 2587 1135 nondum

1526 1162 1915 1226 retinebantur3
1947 1162 2069 1227 (nisi
2094 1166 2276 1225 postea
2311 1160 2449 1211 forte
2470 1176 2587 1211 cum

1524 1239 1651 1302 ipsis
1695 1244 2030 1289 occurrerent
2072 1239 2125 1287 in
2170 1237 2350 1301 praelio
2394 1242 2451 1287 et
2504 1237 2585 1287 bis

1521 1314 1959 1378 impinget-eutem
2000 1320 2054 1363 st
2110 1318 2218 1361 tum
2273 1324 2377 1361 non
2430 1312 2587 1363 modo

1521 1388 1780 1457 iter-ebant,
1817 1391 1907 1440 sed
1943 1398 2001 1440 et
2022 1390 2213 1440 acriter
2248 1388 2585 1452 impelleban-

1524 1466 1653 1533 tur,)
1676 1468 1765 1517 sed
1790 1474 1898 1518 tum
1933 1466 2155 1532 propriis
2196 1463 2463 1527 agminibus
2494 1464 2587 1515 im-

1524 1542 1692 1606 pediti
1713 1542 1969 1593 herebant.

1589 1619 1747 1671 Quod
1767 1624 1915 1683 patet
1936 1617 2093 1667 etiam
2116 1631 2181 1665 ex
2204 1616 2281 1665 his
2303 1614 2507 1677 iufra‚·‘
2524 1620 2587 1665 ut

1523 1710 1782 1760 quemque
1826 1694 2049 1745 formido
2084 1693 2294 1755 tulerat,
2329 1699 2585 1742 transver-

1520 1785 1605 1821 sos
1642 1778 1732 1821 aut
1773 1771 1951 1822 obvios
1994 1766 2365 1831 incursabant,'
2397 1779 2585 1829 nempe

1521 1855 1750 1897 suosmet
1767 1846 2087 1908 incursabant,
2108 1844 2311 1894 sibimet
2330 1841 2507 1891 infesti
2530 1841 2586 1890 in

1519 1923 1663 1983 acie;
1699 1924 1753 1972 iu
1804 1938 1908 1988 qua
1960 1922 2221 1971 sententia
2274 1924 2330 1967 et
2376 1917 2584 1981 Lipsius

1517 1998 1640 2050 fuit.
1706 2000 1843 2050 Nam
1887 1998 2129 2048 damnum
2172 1994 2245 2046 ibi
2288 2000 2343 2045 et
2382 1992 2584 2043 cladem

1519 2077 1749 2141 ipsorum
1770 2077 2137 2126 Britannorum
2160 2077 2341 2122 narrat
2354 2070 2586 2134 Tacitus,

1518 2152 1657 2219 quod
1691 2153 1791 2202 illis
1826 2158 1995 2202 tamen
2021 2150 2208 2199 damno
2240 2162 2341 2196 non
2380 2144 2584 2208 fuisset,

1518 2230 1563 2280 si
1585 2234 1873 2279 transversos
1917 2228 2173 2277 Romanos
2214 2222 2549 2273 incurrissent
2572 2234 2587 2267 z

1519 2304 1657 2369 qnod
1681 2304 1945 2368 praecipue
1985 2300 2220 2353 curribus
2260 2296 2470 2348 falcatis
2508 2298 2585 2347 in·

1487 2382 1659 2431 -vecti
1716 2378 1961 2431 volebant
2004 2376 2246 2429 barbari:
2300 2374 2453 2425 immo
2507 2373 2584 2423 sic

1516 2457 1655 2508 forte
1677 2458 1793 2507 illos
1833 2455 2187 2521 perrupisseut
2212 2468 2273 2503 ac
2314 2442 2584 2516 profligas-

1518 2542 1657 2598 sent,
1674 2536 1859 2588 saltem
1878 2533 1922 2583 si
1958 2530 2232 2596 compositi
2272 2535 2329 2580 et
2365 2526 2585 2577 conferti

1517 2612 1701 2662 ordine
1734 2614 1935 2660 starent
1950 2610 2003 2659 in
2042 2607 2154 2656 acie
2172 2610 2586 2670 pugnarentque.

1582 2688 1770 2751 Itaque
1822 2698 2033 2735 suorum
2089 2679 2378 2746 agminibus
2420 2678 2586 2727 boere-

1518 2764 1646 2815 bant
1668 2762 1927 2828 impediti,
1950 2766 2010 2810 ut
2039 2764 2094 2809 et
2113 2754 2419 2819 inaequalibus
2440 2754 2553 2803 locis
2567 2768 2588 2811 ,-

1519 2853 1621 2887 nec
1644 2854 1709 2888 ea
1732 2838 1783 2885 vi
1807 2832 2348 2901 prorumpebant,qua
2366 2829 2585 2891 vellent,

1521 2921 1580 2964 et
1600 2928 1698 2978 qua
1713 2913 1889 2961 hostes
1908 2910 2175 2973 impellere
2198 2911 2427 2970 possent.
2462 2904 2586 2953 Hoe·

1519 2989 1707 3037 rebant
1725 2985 2035 3049 &aequalibus
2065 2983 2201 3043 locis,
2249 2977 2338 3027 ubi
2375 2990 2585 3027 suorum

1519 3064 1755 3128 peditum
1792 3060 1997 3125 agmina
2031 3054 2397 3115 constiterant,
2439 3056 2493 3099 et
2529 3051 2585 3103 in

1520 3139 1638 3189 hoec
1670 3139 1784 3187 loca
1816 3134 2087 3200 inaequalia
2108 3144 2165 3181 se
2202 3139 2399 3179 temere
2419 3127 2586 3177 immi·

1520 3220 1694 3264 serant
1729 3212 1929 3277 equites
1966 3216 2020 3257 et
2059 3204 2341 3265 covinarii;
2376 3207 2436 3251 ut
2474 3200 2585 3251 scil.

1518 3290 1752 3355 peditum
1776 3300 1979 3336 suorum
2000 3287 2271 3332 nutantem
2292 3277 2457 3327 aciem
2480 3290 2585 3325 sus·-

1519 3366 1777 3417 tinerent:
1814 3369 1871 3411 et
1904 3360 2087 3410 mediis
2110 3354 2345 3421 peditum
2370 3350 2585 3415 agmini-

1518 3442 1637 3503 bus,
1678 3456 1771 3489 seu
1815 3451 2041 3497 suorum,
2071 3447 2163 3482 seu
2206 3444 2325 3479 mox
2363 3426 2586 3488 hostiam,

1521 3518 1869 3566 Romanorum
1908 3512 2017 3560 scil.
2040 3515 2097 3558 et
2134 3504 2441 3570 inequalibsu
2475 3502 2587 3551 locis

1522 3608 1639 3643 cum
1678 3590 1838 3641 defixi
1879 3586 1992 3637 fere
2033 3588 2254 3644 starent,
2296 3596 2358 3629 ea
2392 3577 2585 3628 minime

1518 3668 1745 3734 equestris
1762 3679 1934 3729 pugna
1946 3662 2103 3725 socies
2122 3664 2244 3709 erut.
2282 3658 2417 3707 Nam
2441 3654 2585 3703 velut

1518 3745 1571 3793 in
1589 3744 1750 3806 gradu
1772 3750 1825 3789 et
1850 3740 1898 3787 in
1915 3736 2133 3801 vestigio
2153 3740 2351 3795 stantes,
2366 3739 2424 3781 et
2436 3728 2585 3794 quasi

1520 3818 1681 3870 defixi
1725 3825 1779 3867 et
1822 3813 2021 3865 immoti
2059 3824 2287 3875 pugnare
2332 3806 2586 3871 cogeban-

1523 3902 1645 3956 tur;
1682 3899 1738 3943 et
1777 3899 1885 3942 tum
1920 3889 2121 3954 equites
2146 3902 2175 3936 e
2198 3887 2331 3935 clivo
2362 3885 2469 3945 illo,
2489 3891 2585 3931 seu

1519 3974 1651 4023 locis
1676 3970 1872 4032 arduis,
1890 3966 2031 4017 simul
2054 3978 2169 4015 cum
2218 3976 2443 4027 equorum
2484 3972 2587 4007 oon-

1517 4050 1710 4117 poribus
1764 4043 2138 4109 impellebantur,
2204 4035 2587 4095 sternebantur,

1522 4136 1576 4176 et
1615 4124 1750 4174 iufra
1792 4122 1977 4171 collem
2022 4115 2417 4179 dejiciebantur.
2498 4108 2584 4157 Sic

1521 4200 1758 4251 similiter
1781 4204 1835 4247 et
1857 4203 2082 4245 rectores
2121 4202 2364 4239 curruum
2407 4182 2585 4235 statim

1521 4276 1703 4329 afflicti
1726 4270 2095 4339 prostratique.
2162 4264 2303 4315 Hinc
2328 4276 2451 4327 sape
2470 4258 2585 4322 sug!
