3175 4934
584 356 766 429 8496

1303 376 1366 425 0·
1411 375 1745 425 connum
1756 374 1779 421 1
1826 370 2081 423 ΤΔΟῙΤΙ

585 524 758 587 tum:
805 522 870 583 in
901 518 1135 603 praelio
1164 518 1490 605 fortiorem
1524 538 1701 596 esse,
1736 518 1851 601 qui
1880 519 2153 603 spoliet:
2175 536 2370 583 ,nunc
2402 517 2489 581 ab
2520 516 2779 601 ignavis

587 623 972 706 plerumque
1028 627 1094 684 et
1149 621 1547 684 imbellibus³
1611 622 1778 703 eripi
1834 620 2087 696 domm,
2134 619 2459 683 -abstrahi
2516 620 2784 695 liberos,

589 820 756 885 spolie
779 821 974 883 rapiat:
1011 834 1146 869 nunc
1172 820 1236 868 nb
1265 818 1519 868 inertibus
1555 825 1614 867 ut
1653 818 1926 882 plurimum
1951 826 2009 867 et
2046 818 2337 883 pra-liorum
2362 818 2665 881 expertibus
2704 832 2791 867 nn·

1513 963 1689 983 OOOOO

1694 964 1868 985 000000

587 1058 721 1127 pinis
746 1057 1169 1129 contumeliisque
1207 1078 1300 1113 nos
1336 1056 1533 1127 affligit.
1583 1060 1813 1113 Brotier.
1854 1058 1951 1111 cut
1984 1060 2314 1113 consentiunt
2338 1058 2645 1127 Inpone-s
2678 1060 2787 1112 Ms.

1573 1232 1788 1284 NOTAE

583 1344 676 1397 iius
709 1346 902 1394 miscere
940 1342 1188 1392 adversus
1226 1341 1521 1406 subjectos3
1568 1338 1643 1387 ita

583 1428 664 1483 ut,
697 1421 806 1469 sive
839 1418 1108 1482 praepositi
1147 1416 1496 1477 consentiant,
1535 1414 1647 1464 sive

583 1494 910 1553 dissentient,
933 1492 1154 1558 perinde
1177 1493 1328 1542 sociis
1347 1491 1642 1539 exitiabiles

584 1572 707 1632 sint,
751 1580 808 1619 et
853 1570 1068 1631 perinde
1113 1569 1331 1617 invicem
1377 1567 1648 1627 misceant,

585 1648 720 1697 alter
755 1660 934 1705 manns,
971 1646 1158 1693 milites
1181 1643 1290 1693 scil.
1333 1650 1386 1691 et
1415 1643 1647 1692 emur-io·

583 1736 683 1783 nes,
705 1722 838 1770 alter
857 1722 973 1782 vim,
1006 1732 1096 1769 seu
1121 1720 1375 1783 injuriam,
1411 1728 1467 1768 et
1488 1724 1647 1768 contn-

583 1798 764 1847 melius.
843 1796 1070 1845 Miscent
1103 1792 1293 1843 milites
1331 1800 1388 1844 et
1421 1795 1649 1843 centurio·

581 1884 683 1936 nes,
703 1888 818 1923 cum
841 1874 1060 1922 saeviunt
1091 1872 1142 1919 in
1163 1872 1461 1935 sanguinem
1485 1871 1647 1920 socio-

584 1964 698 1999 rum
744 1950 842 2014 ipsi
883 1950 1063 2011 legati,
1106 1948 1323 1998 miscent
1367 1948 1484 2011 cim,
1529 1963 1645 1998 cum

585 2026 724 2077 bona
747 2024 955 2090 rapiunt
979 2033 1036 2076 et
1057 2032 1248 2075 cuncta
1263 2032 1425 2088 egunt
1444 2022 1647 2077 ferunt-

583 2115 684 2168 que
703 2102 857 2165 servi,
891 2116 980 2150 seu
1012 2108 1375 2164 procuratores
1404 2101 1645 2166 Caesaris,

581 2178 886 2229 contumelias
921 2179 1158 2239 miscent,
1193 2190 1310 2225 cnm
1345 2175 1644 2227 libidinibus

581 2256 635 2305 ln
655 2254 888 2305 feminus
926 2260 980 2303 et
1013 2253 1204 2303 liberos
1226 2252 1481 2303 sociorum
1504 2266 1643 2316 grus-

580 2338 782 2393 sautnr‚
800 2330 938 2395 qnod
955 2330 1148 2380 diserte
1161 2330 1390 2393 explicet
1403 2330 1500 2379 hoc
1523 2330 1643 2380 loco

579 2408 824 2457 Tacitus:
859 2404 1002 2455 Nihil
1042 2405 1150 2465 jam
1197 2404 1464 2469 cupiditati,
1516 2406 1643 2455 nihil

581 2484 772 2533 libidini
813 2486 1073 2545 exceptum.
1141 2480 1327 2529 Posset
1369 2481 1524 2529 etism
1563 2482 1641 2531 sic

577 2558 821 2623 intelligi,
884 2554 1191 2605 discordiam
1245 2556 1643 2618 prepositorum

581 2642 638 2686 et
701 2630 1030 2682 concordiam
1095 2630 1312 2694 perinde
1371 2631 1641 2681 exitiosam

581 2722 699 2759 osse
768 2706 936 2769 sociis,
1011 2712 1071 2755 et
1139 2707 1356 2755 miscere
1437 2706 1637 2755 «lter-ius

579 2798 764 2848 manu,
799 2797 986 2848 nempe
1031 2783 1404 2848 procuratoris,
1443 2785 1642 2834 alteria

578 2863 886 2925 centuriones,
937 2872 1126 2924 nempe
1177 2858 1370 2922 legati3
1423 2860 1641 2911 miscere

576 2942 736 2992 etiam
758 2940 873 3003 nim,
907 2952 1094 3003 nempe
1115 2937 1354 3001 praetoris
1369 2950 1460 2987 sen
1481 2938 1643 3002 legati

579 3016 878 3080 consularis,
898 3022 953 3065 et
972 3014 1292 3071 contumelias.
1314 3026 1499 3078 nempe
1521 3030 1639 3079 pro-

571 3094 848 3145 curatoris.
912 3092 988 3142 At
1020 3092 1063 3140 si
1085 3090 1346 3140 discordes
1371 3098 1489 3139 sunt
1519 3105 1639 3153 pro-

575 3175 788 3220 curator
809 3174 866 3217 et
886 3170 1107 3228 legatus,
1146 3163 1400 3229 quomodo
1421 3164 1640 3215 miscent

573 3245 723 3294 simul
746 3252 968 3306 uterque
985 3241 1090 3288 vim
1112 3254 1254 3288 suam
1277 3244 1334 3288 et
1361 3241 1641 3291 auctorite·

573 3319 721 3371 tem?
788 3318 945 3366 Certe
987 3322 1095 3364 turn
1131 3328 1236 3363 non
1271 3314 1494 3365 miscent
1515 3332 1640 3367 con·

573 3392 688 3443 silia
709 3391 848 3441 inter
868 3406 943 3455 se,
975 3388 1066 3439 sed
1091 3396 1264 3439 temen
1301 3392 1518 3453 perinde
1543 3408 1638 3444 οω-

574 3468 744 3531 viunt,
797 3467 932 3517 alter
963 3466 1020 3515 in
1051 3464 1371 3530 sanguinem,
1412 3469 1547 3519 alter
1581 3469 1635 3520 in

572 3545 708 3597 bona
730 3546 1109 3611 subjectorum:
1145 3544 1300 3594 immo
1322 3548 1560 3596 certatim
1579 3553 1636 3597 et

571 3622 788 3675 dlternis
803 3623 1022 3672 miscent
1043 3620 1233 3683 cedes,
1254 3621 1356 3669 vim
1379 3628 1436 3671 et
1457 3630 1638 3672 contu·

571 3698 769 3761 melias,
796 3705 852 3748 et
871 3696 1033 3761 magis
1053 3696 1273 3747 saeviunt
1294 3697 1348 3745 in
1386 3698 1639 3762 subditos,

575 3786 677 3839 qno
699 3773 860 3837 magis
881 3770 1148 3822 discordes
1173 3779 1327 3833 sunt3
1361 3774 1436 3823 itt
1457 3781 1514 3824 nt
1535 3774 1637 3825 irn-

571 3862 684 3899 rnm
707 3856 764 3899 et
798 3848 1064 3899 discordiae
1099 3848 1302 3899 illorum
1323 3850 1486 3898 veluti
1525 3864 1634 3913 poe-

570 3938 664 3979 nus
707 3918 853 3979 luant
911 3928 1011 3993 ipsi
1067 3928 1264 3991 populi.
1327 3926 1344 3955 ‘
1369 3926 1632 3992 Quicquid

1727 1345 1782 1386 to
1803 1338 1970 1387 locum
1992 1337 2204 1386 anatum
2228 1351 2294 1387 ex
2318 1337 2571 1387 Cicerone
2592 1338 2644 1387 in
2662 1336 2795 1389 Ver·

1728 1430 1857 1477 rem,
1894 1414 1981 1463 vix
2002 1414 2065 1462 nd
2099 1428 2208 1463 rem
2232 1429 2349 1464 esse
2370 1432 2383 1475 3
2410 1406 2519 1463 'non
2540 1416 2679 1465 enim
2704 1420 2797 1469 ha.

1728 1492 1839 1541 buit
1862 1493 2052 1541 Verres
2089 1493 2353 1541 cohortem
2391 1500 2656 1556 armatam,
2696 1504 2793 1546 ant

1727 1568 2051 1617 centuriones
2092 1569 2174 1617 vel
2210 1568 2419 1631 milites,
2454 1570 2547 1618 sed
2587 1577 2788 1621 tentum

1726 1644 1941 1693 comites
1970 1650 2027 1693 et
2048 1646 2239 1693 amicos
2274 1643 2513 1703 inermes,
2546 1646 2636 1708 qui
2673 1654 2787 1696 erte

1727 1726 1927 1768 tanturn
1950 1725 2007 1769 et
2040 1718 2224 1769 stende
2260 1720 2648 1783 grassabantur,
2686 1736 2791 1772 non

1728 1796 1778 1844 vi
1815 1802 1870 1845 et
1905 1796 2074 1845 armis.
2140 1796 2318 1845 Hosce
2350 1810 2581 1845 nummos
2617 1798 2789 1861 exige-

1728 1870 1873 1932 bant,
1925 1886 2018 1921 seu
2058 1871 2229 1935 potins
2272 1871 2541 1935 pecuniam
2584 1873 2791 1935 collige·

1728 1946 1871 2008 bnnt‚
1900 1961 2017 2011 qnae
2050 1948 2189 1996 ultro
2210 1946 2577 1996 numerabatur
2598 1962 2629 1996 n
2650 1948 2791 1996 Sicu-

1726 2021 1791 2069 lis
1810 2021 2203 2085 potentioribus,
2237 2021 2303 2072 ob
2327 2036 2410 2071 res
2442 2023 2493 2071 in
2518 2036 2692 2072 eorum
2714 2022 2789 2073 fn-

1726 2110 1900 2147 vorem
1934 2098 2197 2161 judicatas
2243 2114 2275 2149 a
2310 2100 2479 2149 Verre
2508 2090 2751 2163 ‘pretore
2768 2118 2785 2150 ε

1726 2172 1863 2236 qnod
1884 2173 2024 2223 clare
2044 2173 2275 2223 ostendit
2296 2174 2482 2223 Cicero
2498 2175 2577 2223 bis
2600 2176 2788 2239 verbis,

1724 2262 1839 2311 qum
1862 2250 2168 2312 praecedunt
2200 2251 2371 2299 locum
2401 2250 2633 2301 allatum.
2698 2252 2784 2301 Sic

1722 2322 1810 2372 ille
1850 2324 1899 2371 in
1932 2325 2149 2373 Verrem
2190 2330 2293 2374 act.
2335 2338 2421 2375 nr.
2450 2326 2469 2353 ⁴
2494 2326 2615 2376 Non
2654 2340 2785 2391 nego

1723 2400 1817 2451 tibi
1838 2402 1937 2466 ipsi
1957 2399 2161 2452 nullum·
2175 2416 2437 2453 nummum
2470 2418 2587 2453 esse
2608 2418 2782 2454 nurne-

1704 2484 1921 2540 ·ratum;
1956 2479 2047 2528 scd
2082 2492 2199 2529 cum
2222 2480 2288 2529 ob
2314 2486 2406 2530 tua
2442 2479 2677 2540 decreta,
2716 2480 2783 2529 ob

1722 2553 1997 2619 imperata,
2042 2554 2111 2605 ob
2140 2556 2383 2619 judicata
2424 2558 2662 2620 pecunie
2698 2556 2783 2605 da-

1720 2628 1942 2678 bantnrx
1977 2644 2079 2680 non
2118 2638 2236 2681 erat
2269 2632 2605 2695 qnaerendum
2640 2634 2787 2697 cujus

1720 2703 1911 2767 injuria
1941 2712 2269 2769 cogerentur.
2336 2708 2567 2759 Comites
2600 2709 2675 2757 illi
2712 2708 2787 2757 tui

1720 2778 1919 2844 dilecti,
1953 2796 2134 2832 manus
2158 2789 2309 2832 erant
2332 2782 2477 2845 ωε]
2496 2786 2591 2833 &c-
2660 2782 2784 2833 Non

1720 2864 1870 2907 erent
1902 2872 2067 2908 mans
2100 2858 2202 2908 illae
2246 2859 2427 2908 Verris
2466 2865 2687 2917 armate,
2720 2864 2783 2907 nt

1722 2936 2071 2995 procuratoris
2106 2934 2159 2982 in
2196 2934 2499 2997 Britannia;
2542 2934 2627 3000 qui
2664 2933 2791 2984 scil.¹

1718 3008 1974 3059 militibus
1996 3017 2053 3060 et
2076 3010 2469 3061 centurionibus
2490 3010 2651 3075 legati
2672 3017 2788 3061 ute·

1718 3085 1875 3134 batur
1892 3085 2135 3139 vicissim.

1782 3162 1949 3211 Erant
1983 3162 2099 3213 ista
2120 3168 2283 3213 mairiu
2312 3164 2489 3228 preda
2514 3171 2572 3214 et
2606 3164 2783 3229 spoliis

1718 3252 1923 3302 graves,
1967 3246 2023 3290 st
2062 3241 2212 3291 simul
2250 3250 2425 3292 tamen
2456 3248 2513 3292 et
2550 3249 2781 3295 armate.

1718 3314 1822 3365 sed
1856 3315 1985 3365 nihil
2027 3315 2189 3368 simile
2224 3317 2275 3367 in
2308 3317 2545 3368 Ver-riuis
2582 3318 2783 3369 comiti-

1718 3390 1833 3455 bus,
1853 3399 1945 3441 eut
1962 3393 2287 3457 preconibus
2304 3410 2319 3456 3
2344 3394 2443 3443 nisi
2463 3393 2600 3445 forte
2620 3396 2779 3459 dicas,

1716 3468 1959 3531 presidio
1977 3470 2167 3534 legum,
2189 3478 2415 3521 armatas
2434 3468 2595 3521 fnisse
2617 3484 2782 3522 mus

1716 3544 1913 3606 Verris,
1965 3550 2057 3594 aut
2094 3546 2267 3608 potius
2312 3544 2493 3597 t‘rnnde
2536 3546 2777 3613 falsoque

1714 3621 1889 3686 legum
1923 3622 2172 3687 obtentu;
2205 3624 2393 3689 quibus
2417 3625 2569 3675 armis
2584 3625 2695 3689 Jam
2717 3625 2777 3674 li-

1714 3704 1837 3747 cent
1854 3699 2040 3749 omnia.
2108 3698 2334 3763 Legatns
2356 3706 2531 3750 nutem
2570 3708 2627 3749 et
2652 3712 2785 3771 pro-¹

1712 3782 1921 3825 cut-ntor
1958 3774 2115 3825 facile
2154 3780 2332 3825 mutua
2369 3776 2643 3826 latrocinia
2674 3774 2777 3825 sibi

1714 3851 1931 3901 vicissim
1976 3850 2457 3915 accommodabant,
2498 3851 2775 3902 conniven-

1712 3932 1793 3976 tes
1844 3926 2095 3976 invicem:
2128 3927 2267 3991 quod
2320 3940 2477 3991 snpra
2520 3927 2777 3991 explicuit

569 4002 794 4055 delirent
849 4018 1021 4070 reges,
1065 4004 1370 4068 plectuntur
1412 4002 1635 4055 Achivi!
1708 4002 1925 4053 Tacitus
1968 4018 2084 4067 cap.
2126 4008 2176 4053 7.
2209 4003 2227 4031 ‘
2250 4003 2383 4052 Cum
2412 4003 2685 4067 proconsul
2716 3990 2771 4051 i'n

567 4080 683 4133 [Aut
721 4080 816 4146 illi,
862 4096 980 4132 cum
1024 4079 1278 4130 dissident
1315 4080 1535 4130 invicem
1563 4082 1631 4131 in

571 4158 778 4222 ceteris,
818 4165 1049 4208 attamen
1086 4156 1415 4206 consentiunt
1449 4163 1633 4207 mutuo

574 4234 818 4285 ‘adversus
841 4232 1006 4285 socios
1030 4238 1085 4285 et
1100 4232 1459 4297 provinciales.
1525 4234 1631 4284 Pn-

1709 4093 1909 4151 omnem
1938 4079 2239 4129 aviditatem
2276 4092 2489 4144 pronus,
2522 4078 2773 4145 qunntali-

1713 4155 1802 4207 bet
1838 4156 2093 4207 facilitate
2131 4156 2457 4206 redemtnms
2494 4162 2633 4207 esset
2664 4166 2774 4206 mu-

1713 4239 1855 4283 tuom
1878 4230 2335 4283 dissimulationem
2357 4230 2517 4283 meli-⁹
