3175 4934
545 421 720 488 3302

1261 437 1328 484 G.
1375 435 1736 484 CORNELII
1784 433 2041 483 TAGI'PI

547 585 788 659 tante?
837 580 1018 645 sicut
1059 577 1386 646 Sarmatae
1433 599 1514 643 ac
1571 579 1826 658 Parthi,
1881 578 1998 642 sed
2048 559 2301 642 stricta
2327 559 2392 641 et
2422 564 2751 680 ⁸singulos

547 686 729 746 artus
758 683 1212 766 exprimente.²
1299 681 1550 745 Gerunt
1575 688 1642 746 et
1665 682 1950 745 ferarum
1973 679 2236 764 pelles}
2255 678 2547 762 proximi
2574 678 2747 760 ripae

544 865 638 900 non
675 852 862 902 sinuosa
891 859 939 902 et
971 855 1022 902 di

1184 868 1228 912 e,
1257 854 1386 902 vehat
1423 853 1659 904 Sarmata
1694 859 1775 903 aut
1816 853 2008 917 Par-tbi,
2034 855 2119 904 sed
2152 859 2304 911 arcta,
2342 858 2389 901 et
2420 867 2524 915 qua
2557 851 2750 914 dag-la

545 915 750 966 membra
769 917 949 978 ναίω
969 923 1107 982 atque
1125 917 1383 968 adumbret.
1453 919 1661 968 Gestavit
1679 919 1824 969 etiam
1840 920 1981 984 pelles
2002 917 2236 982 ferarum,
2255 916 2402 966 vicini
2434 917 2598 966 Rheno
2614 916 2749 966 ineu·

1530 1071 1580 1118 N
1586 1070 1744 1122 01·AE

609 1186 642 1212 '⁷
676 1179 788 1228 Non
797 1177 1049 1242 fluitante]
1081 1180 1354 1243 Proprium
1375 1180 1475 1230 hoc
1493 1195 1605 1230 ver-

547 1253 671 1303 bum
695 1256 913 1304 vestitus
949 1255 1075 1318 laxi,
1094 1255 1304 1319 sinuosi,
1327 1264 1484 1322 atque
1515 1271 1606 1305 un·

545 1331 732 1389 dantis,
767 1330 960 1380 Tibuli.
1040 1332 1055 1359 ‘
1081 1329 1262 1382 Effluit
1304 1329 1468 1381 effuso
1519 1333 1605 1382 cui

547 1413 672 1469 toga
711 1407 831 1455 laxa
868 1406 1017 1456 sinu!
1070 1406 1258 1470 Vin-gii.
1314 1408 1329 1435 ‘
1355 1407 1603 1457 Fluentes

547 1483 721 1534 sinus?

611 1561 722 1606 Non
743 1557 996 1621 firmante]
1047 1559 1242 1608 Omnes
1279 1559 1519 1623 quadrati
1551 1565 1607 1610 et

545 1631 808 1681 fluitantes
851 1633 1088 1695 amictus,
1128 1635 1360 1683 velorum
1401 1636 1607 1684 nomine

545 1707 958 1772 appellabantur,
978 1715 1038 1757 ut
1059 1709 1444 1773 paludamenta,
1466 1711 1605 1758 chla-

546 1785 745 1847 mydes,
783 1784 956 1847 pallia,
983 1787 1076 1833 ὅτε.
1143 1784 1342 1834 Contra
1378 1785 1605 1833 rotunda

546 1861 858 1910 vestimenta
894 1855 1220 1922 dicebantur,
1255 1875 1370 1924 quoe
1410 1861 1464 1908 in
1501 1861 1603 1909 imo

545 1937 734 1998 clausa,
777 1935 1007 1984 strictius
1043 1936 1248 1998 corpori
1269 1936 1603 2001 applicaban-

545 2019 648 2073 tur,
665 2017 724 2060 ut
745 2018 896 2062 erant
919 2018 1057 2074 togae
1083 2012 1240 2062 Rom.·
1257 2027 1374 2077 q‘uoe
1400 2018 1454 2062 et
1476 2013 1601 2078 ipsae

544 2087 780 2136 rotundae
819 2092 876 2136 et
897 2085 964 2135 ad
993 2101 1180 2150 corpus
1211 2087 1372 2150 magis
1392 2101 1604 2150 pressae,

543 2169 600 2210 et
613 2168 808 2211 coactae
828 2161 968 2211 circa
988 2161 1141 2210 imam
1178 2176 1340 2221 oram,
1371 2176 1474 2210 non
1510 2177 1603 2210 un-

543 2236 758 2296 dabant,
777 2249 948 2298 neque
981 2235 1208 2284 humeris
1242 2235 1605 2298 involitabant,

541 2319 602 2359 ut
631 2308 930 2372 chlamydes
979 2323 1040 2357 ac
1080 2310 1464 2372 paludamenta,
1501 2314 1603 2360 ἃς.

539 2385 677 2434 Vela
722 2381 886 2432 ferme
929 2382 1099 2432 omnia
1141 2383 1409 2447 quadrata,
1449 2393 1508 2434 ut
1549 2393 1605 2436 et

542 2460 719 2524 pallia,
743 2457 878 2506 unde
914 2463 970 2506 et
1000 2457 1270 2507 muliebria
1303 2461 1461 2522 pallia
1493 2461 1604 2510 sive

541 2533 675 2594 vela,
710 2531 853 2593 ricae,
891 2530 1091 2592 ricinia,
1129 2529 1380 2592 flammea,
1407 2542 1465 2582 et
1500 2534 1603 2583 alia

540 2607 829 2671 hujusmodi
854 2606 1124 2670 quadrata.
1165 2607 1438 2656 Salumsius.

607 2684 718 2732 Non
733 2683 982 2746 fluitante,
1001 2681 1124 2730 sicut
1146 2683 1383 2731 Sar-natta
1399 2698 1456 2732 uc
1481 2684 1604 2732 Par·

538 2757 635 2820 tm]
690 2758 909 2807 Constat
939 2763 1134 2806 vestem
1164 2757 1442 2807 Persarum
1473 2759 1603 2821 pris-

539 2847 718 2884 corum
733 2832 888 2883 fuisse
903 2848 1063 2898 usque
1077 2833 1142 2882 ad
1155 2834 1285 2882 talos
1299 2833 1571 2884 demissam
1585 2851 1599 2884 z

537 2925 654 2959 eam
689 2910 918 2959 historici
975 2911 1216 2959 Medicam
1259 2918 1466 2972 vocant,
1509 2926 1601 2960 sen

539 2985 782 3036 Persicam
802 2986 968 3034 nolam
983 3003 1002 3042 ,·
1036 2985 1266 3048 Curtius,
1285 2991 1457 3035 vestem
1481 2987 1599 3036 Per-

509 3062 699 3125 sicam,
724 3075 812 3112 scu
837 3063 1026 3125 pullam.
1091 3063 1177 3111 De
1215 3077 1318 3127 qua
1359 3063 1599 3126 Xenoph.

537 3137 628 3187 lib.
653 3151 774 3186 vm.
829 3139 845 3164 ‘
870 3137 1074 3186 Habuit
1112 3139 1298 3186 stolam
1333 3139 1598 3188 Medicam

536 3212 702 3274 Cyrus
743 3212 874 3272 ipsc,
916 3219 974 3259 et
1013 3211 1163 3260 sociis
1222 3212 1495 3273 persuasit,
1537 3222 1599 3262 ut

536 3286 752 3334 eandem
773 3291 972 3333 vestem
995 3284 1288 3332 induerent.
1323 3283 1441 3332 Hoc
1463 3285 1599 3334 enim

537 3359 698 3408 vestis
730 3373 890 3424 genus
917 3358 1016 3420 ipsi
1050 3357 1326 3407 videbatur
1351 3366 1494 3407 recte
1515 3375 1600 3409 oc-

537 3434 754 3497 cultare,
776 3434 820 3483 si
837 3434 950 3498 quis
981 3433 1035 3481 in
1059 3446 1278 3495 corpore
1300 3432 1599 3484 indecorum

536 3509 802 3574 quippiam
824 3509 1058 3570 haberet,
1073 3515 1128 3557 et
1145 3509 1513 3574 pulcherrimos
1538 3527 1599 3561 ac

535 3587 831 3648 grandiores
874 3585 1143 3633 ostendere
1188 3585 1302 3633 illos
1360 3587 1448 3650 qui
1484 3603 1597 3636 eain

535 3659 720 3709 stolam
743 3659 1042 3723 gestarent)

599 3735 668 3783 Et
693 3743 877 3796 putant
898 3735 1146 3798 originem
1168 3735 1314 3800 hujus
1337 3738 1496 3802 vestis
1519 3752 1596 3788 re-

531 3811 808 3878 petendam
849 3827 878 3860 a
919 3812 1271 3863 Semiramide.
1347 3815 1432 3862 Sic
1471 3815 1597 3863 Dio.

533 3889 720 3938 dot-unz
776 3888 950 3936 ‘Talis
988 3887 1084 3950 ipsi
1126 3889 1290 3946 gratia
1329 3891 1512 3952 inerat,
1536 3899 1597 3940 ut

533 3967 712 4028 postea
751 3961 914 4022 Medi,
959 3963 1266 4022 imperantes
1306 3963 1464 4024 Asiae,
1496 3963 1594 4012 fer-

532 4044 653 4090 rent
675 4045 867 4088 vestem
895 4038 1272 4098 Semii·aiui‹iis;
1306 4048 1360 4087 et
1387 4047 1504 4100 post
1537 4041 1592 4088 ii-

529 4115 606 4164 los
628 4116 802 4165 Persae
821 4113 1092 4161 similiter?
1159 4113 1228 4161 Et
1249 4114 1484 4164 Justinus
1499 4115 1588 4164 lib.

1686 1198 1751 1233 ne
1770 1198 1903 1234 novo
1934 1185 2114 1234 habitu
2150 1182 2340 1248 aliquid
2376 1182 2638 1232 occultare
2670 1181 2749 1230 vi-

1685 1259 1913 1320 deretur,
1948 1260 2129 1309 eodem
2174 1267 2355 1308 ornatu
2401 1263 2458 1306 et
2498 1258 2746 1321 populum

1683 1333 1861 1382 vestiri
1873 1334 2057 1397 jubet;
2093 1348 2245 1398 quem
2266 1345 2459 1380 morem
2481 1330 2637 1378 vestis
2658 1344 2749 1379 ex·

1684 1407 1807 1456 inde
1832 1423 1957 1472 gens
1978 1409 2213 1458 universa
2238 1406 2417 1458 tenet!
2472 1407 2598 1455 Erat
2622 1419 2749 1456 vero

1683 1483 1773 1532 illa
1803 1485 1955 1548 longa
1980 1483 2156 1547 vestis,
2191 1484 2371 1532 saltem
2409 1496 2606 1544 regum,
2629 1496 2747 1545 pre-

1686 1558 1956 1608 tiosissima
1972 1561 2131 1608 multo
2155 1573 2277 1608 auro
2312 1558 2583 1622 multisque
2608 1571 2748 1620 gem-

1684 1635 1800 1695 mis,
1824 1635 2075 1683 distincta
2110 1647 2333 1696 purpura
2358 1639 2415 1681 et
2446 1632 2599 1680 variis
2636 1631 2747 1680 ani-

1683 1709 1888 1758 malium
1902 1708 2090 1772 figuris.
2126 1709 2213 1757 Sic
2225 1707 2431 1758 Curtius
2447 1706 2513 1756 de
2528 1707 2709 1756 Xerxe
2725 1723 2743 1756 ε

1681 1782 1696 1811 ‘
1720 1785 1921 1833 Pallam
1943 1798 2067 1833 auro
2103 1783 2419 1844 distinctam,
2441 1781 2582 1831 aurei
2608 1781 2745 1831 acci-

1683 1861 1867 1922 pitres,
1899 1861 2043 1909 veint
2074 1858 2248 1908 rostris
2284 1860 2418 1908 inter
2451 1873 2505 1906 se
2542 1872 2746 1906 corrue-

1684 1934 2191 1998 rent,adornabant.'
2260 1934 2381 1984 Fuit
2414 1939 2583 1981 autem
2606 1933 2746 1995 palla

1683 2010 1901 2059 Persica
1954 2008 2133 2072 figuroe
2188 2007 2573 2073 quadrangulae.
2655 2006 2745 2056 Sie

1685 2081 2224 2148 Dionys.'1·1aiycarn.
2266 2082 2359 2132 lib.
2405 2096 2491 2130 ιιι.
2526 2096 2627 2145 quo
2666 2095 2745 2130 re-

1683 2157 1903 2222 ferente,
1942 2159 2191 2208 Hetrnsci
2246 2158 2421 2220 legati,
2466 2157 2601 2205 inter
2643 2155 2744 2206 alia

1691 2234 1939 2296 ‘insignia
1970 2233 2323 2296 principatus,’
2364 2230 2589 2282 afferunt
2620 2231 2744 2279 Tar-

1684 2307 1877 2371 quinio,
1911 2309 1926 2334 ‘
1952 2307 2199 2356 Tunicam
2257 2320 2565 2370 purpuream
2617 2319 2743 2356 auro

1682 2385 1952 2448 insignem,
1989 2383 2289 2446 etpaliium
2322 2396 2634 2445 purpureum
2660 2396 2741 2430 va-

1682 2460 1759 2508 rie
1799 2459 2117 2520 distinctum,
2139 2458 2311 2520 qualia
2350 2458 2623 2520 gestabant
2646 2458 2745 2520 Ly·

1681 2533 1861 2584 dorum
1898 2540 1953 2582 et
1985 2535 2263 2582 Persarum
2288 2547 2463 2594 reges;
2514 2539 2742 2582 attamen

1682 2623 1785 2657 non
1822 2608 1921 2656 fuit
1959 2607 2137 2671 figurae
2178 2607 2460 2670 quadratas,
2500 2607 2743 2670 quemad·

1682 2683 1887 2732 modum
1928 2682 2019 2731 iila
2073 2696 2267 2743 regum,
2306 2681 2399 2730 sed
2439 2682 2744 2732 semirotun-

1686 2757 1839 2807 dum.’
1926 2757 2242 2818 retr-agonum
2286 2762 2453 2803 autem
2501 2762 2584 2804 est
2623 2771 2745 2820 qua-

1684 2834 1882 2884 dratum
1926 2840 2165 2882 constans
2221 2836 2439 2894 quatuor
2492 2830 2743 2880 lateribus

1681 2909 1985 2974 aequalibuS,
2006 2915 2060 2958 et
2095 2915 2317 2973 quatuor
2348 2906 2507 2956 rectis
2525 2905 2745 2970 angulis,

1681 3001 1796 3048 quae
1830 2986 1989 3034 etiam
2013 2982 2181 3034 forma
2218 2981 2322 3033 fuit
2358 2983 2499 3046 pallii
2531 2981 2743 3034 Graeco·

1682 3077 1814 3113 rum.

1744 3139 1825 3187 De
1860 3146 2004 3187 veste
2044 3138 2354 3185 Parthorum
2394 3135 2468 3183 sic
2506 3133 2741 3184 Justinus

1682 3225 1787 3260 xu.
1810 3217 1859 3262 2.
1878 3214 1893 3239 ‘
1914 3212 2087 3260 Vestis
2110 3211 2231 3259 olim
2255 3211 2332 3258 sui
2356 3211 2526 3270 moris,
2540 3217 2743 3272 postea·

1680 3301 1831 3348 quam
1855 3299 2124 3334 accessere
2160 3299 2305 3346 opes,
2327 3290 2386 3332 ut
2409 3283 2601 3346 Medis,
2622 3297 2741 3348 per-

1680 3363 1852 3412 lucida
1874 3378 1934 3412 ac
1952 3361 2146 3411 fluida.²

1743 3443 1769 3468 ¹
1801 3437 1895 3486 Sed
1914 3437 2085 3486 stricta
2118 3441 2166 3485 et
2201 3437 2409 3498 singulos
2428 3441 2560 3484 «treus
2579 3436 2741 3500 expri-

1677 3511 1852 3574 mente]
1914 3513 2001 3561 Sic
2041 3518 2096 3560 et
2129 3511 2368 3575 Sidonius
2398 3511 2666 3574 eleganter
2686 3511 2739 3560 in

1678 3589 2040 3653 Panegyrico:
2088 3589 2103 3618 ‘
2129 3589 2370 3638 strictius
2406 3598 2591 3638 assutae
2628 3603 2739 3638 ves-

1678 3672 1779 3726 tes,
1824 3679 2041 3728 procera
2086 3664 2329 3713 coercent
2386 3663 2623 3712 Membra
2668 3663 2738 3710 vi-

1677 3753 1819 3789 rum:
1870 3747 2019 3802 patet
2052 3739 2114 3786 iis
2151 3747 2352 3786 arctato
2389 3740 2613 3800 tegmine
2648 3753 2737 3802 po·

1675 3815 1825 3879 ples.'
1910 3814 2044 3863 Pars
2086 3825 2255 3861 tamen
2300 3814 2453 3861 etiam
2500 3814 2738 3878 quaedam

1675 3889 1989 3950 Germaniae,
2034 3888 2155 3936 oiim
2210 3887 2261 3935 in
2314 3887 2441 3936 laxis
2487 3889 2737 3952 vestibus,

1674 3967 1957 4010 Sarrnatico
1979 3964 2101 4022 ritu,
2120 3963 2225 4009 sive
2248 3963 2465 4011 braccis.
2500 3964 2737 4013 Lucanus

1672 4041 1883 4088 Batavis
1918 4049 1973 4087 et
2000 4039 2347 4099 Vangionibus
2383 4038 2479 4086 hoc
2521 4039 2733 4088 tribuit:

1671 4120 1687 4142 ⁸
1708 4115 1778 4163 Et
1797 4123 1849 4163 te
1870 4115 1997 4162 lasis
2018 4115 2303 4174 imitantur,
2323 4116 2577 4174 sarmata,
2593 4114 2738 4163 brac-

531 4203 570 4238 ι.
593 4188 660 4239 de
681 4187 1046 4238 Semiramide:
1080 4189 1094 4213 ‘
1112 4185 1282 4250 Igitur
1306 4187 1516 4236 brachia
1535 4197 1589 4237 et
1668 4191 1743 4239 cis
1798 4191 2107 4250 Vangiones,
2181 4189 2467 4252 Batavique
2525 4188 2733 4238 truces!

531 4277 684 4313 crura
697 4263 1018 4328 minuentis,
1039 4270 1199 4327 caput
1219 4263 1348 4312 tiara
1365 4263 1513 4328 tegit,
1533 4270 1590 4314 et

1670 4264 1977 4328 Quanquam
2001 4263 2067 4314 de
2089 4263 2245 4328 plebe
2268 4263 2321 4312 id
2345 4268 2548 4312 tantum
2576 4275 2732 4327 cepe-
