3175 4934
2392 376 2575 447 3497·

363 536 615 622 injungi
645 538 967 615 delectus,
1019 544 1334 623 tanquam
1361 543 1528 605 mori
1559 546 1813 605 tantum
1842 560 1963 623 pro
1990 540 2234 623 pati-ia‘
2260 542 2567 606 nescien-⁸

363 640 579 703 tibus:
625 646 974 723 quantum*
1016 642 1186 705 enim
1231 640 1572 705 transisse¹¹
1622 643 1929 718 militum,
1984 644 2041 705 si
2073 662 2217 705 sese
2259 644 2563 709 Britanni

361 743 743 817 numerent‘l
791 744 892 806 sic
945 743 1340 809 Germanias
1383 744 1765 807 excussisse
1802 741 2089 825 Jugum:⁵
2132 750 2199 808 ct
2245 744 2565 823 flumine,J

363 862 494 907 non
546 838 866 919 Oceano,¹‘
913 843 1210 908 defendi:
1269 846 1399 907 sibi
1463 846 1772 927 patriam,
1834 846 2171 929 conjuge3‚
2220 850 2561 927 parentes:

361 943 494 1007 illis
524 945 874 1007 avaritiam
896 951 962 1008 et
993 946 1323 1012 luxuriam
1355 964 1603 1009 causas
1648 946 1805 1008 belli
1848 942 2039 1009 esse.¹
2128 944 2565 1025 RecessuroS,

361 1048 438 1108 nt
467 1045 556 1109 D.
587 1044 633 1109 J
639 1046 856 1109 uliusm
899 1046 1304 1120 recessisset,
1345 1046 1548 1110 modo
1575 1048 1877 1111 virtutes⁵
1928 1047 2249 1129 majorum
2300 1066 2565 1111 suorum

367 1148 849 1216 aemularentur.
939 1146 1134 1211 Neve
1163 1149 1382 1229 praelii
1427 1149 1623 1211 unius
1672 1151 1789 1211 aut
1838 1148 2103 1211 alterins
2155 1154 2395 1212 eventu
2443 1168 2564 1230 pa-

361 1254 736 1313 vescerent:
811 1250 964 1330 plus
1007 1249 1346 1332 impetuS,⁶
1365 1256 1394 1283 ¹³
1448 1249 1769 1332 majorem
1821 1249 2282 1327 constantiam,
2357 1268 2565 1332 penes

1081 392 1488 461 scamonii,
1535 398 1703 446 car.
1747 382 1855 447 15.

363 1392 490 1444 ferri
514 1397 724 1461 praedia,
747 1398 916 1462 abripi
935 1398 1084 1460 filios,
1118 1399 1214 1448 sibl
1238 1398 1480 1462 imperari
1503 1398 1642 1447 viros
1666 1396 1720 1447 et
1743 1412 1903 1460 arma,
1940 1398 2084 1445 velut
2105 1396 2185 1459 iis,
2259 1397 2311 1446 ui
2344 1404 2568 1447 tantum-

362 1460 518 1508 modo
554 1463 722 1525 perirc
759 1478 854 1527 pro
889 1465 1056 1539 patria
1089 1464 1356 1512 nesciant:
1402 1469 1528 1561 §not
1567 1464 1705 1511 enim
1742 1462 2009 1525 trajecisse
2045 1462 2097 1509 ia
2134 1462 2237 1511 insu
2256 1476 2334 1511 ma
2368 1462 2563 1511 milites

365 1523 513 1573 Rom.
551 1527 592 1575 si
612 1540 667 1575 se
690 1528 782 1590 ipsi
814 1528 1053 1578 Britanni
1084 1534 1388 1577 recenseant
1405 1564 1415 1575 .
1457 1527 1530 1575 sic
1553 1526 1859 1575 Germanias
1883 1541 1912 1574 a
1936 1541 1991 1574 se
2013 1526 2245 1589 abegisse
2285 1534 2341 1575 et
2363 1526 2565 1575 exuisse

363 1589 660 1639 servitium:
697 1600 752 1640 et
787 1592 984 1652 Rheno,
1020 1606 1120 1641 nou
1147 1593 1362 1642 Oceano
1388 1590 1629 1654 protegi:
1667 1590 1763 1638 sibi
1789 1599 2023 1653 penates,
2058 1604 2259 1645 uxores,
2301 1598 2355 1638 et
2380 1604 2561 1653 paren-

338 1658 442 1701 ·tes
465 1668 647 1703 causas
685 1656 981 1719 proeliorum
1019 1670 1164 1715 esse3
1205 1656 1451 1706 Romanis
1493 1669 1614 1704 vero
1651 1656 1987 1717 cupiditatem
2028 1660 2083 1702 et
2120 1654 2403 1706 libidinem.
2464 1654 2565 1703 an

362 1715 704 1780 abscessuros,
745 1726 803 1769 nt
839 1720 950 1768 olim
974 1722 1044 1769 D.
1075 1720 1244 1771 Julius
1267 1720 1618 1782 abscessisset,
1652 1716 1925 1767 dummodo
1960 1716 2313 1767 fortitudinem
2351 1733 2566 1768 avorum

363 1794 570 1831 suorum
608 1784 948 1833 imitarentur.
1017 1785 1201 1849 Neque
1241 1790 1566 1833 terrerentur
1589 1782 1732 1832 exitu
1766 1782 1913 1831 unius
1952 1791 2041 1830 aut
2080 1783 2291 1831 alterius
2325 1782 2562 1831 certami-

363 1844 472 1895 nis:
509 1846 624 1911 plus
661 1848 873 1913 ardoris,
909 1856 966 1899 et
1003 1850 1247 1913 majorem
1283 1847 1628 1913 pervicaciam
1668 1860 1829 1909 penes
1870 1847 2033 1895 victos
2074 1860 2206 1895 esse.
2282 1845 2401 1895 Jam
2440 1859 2565 1909 erga

1285 1973 1637 1995 OOOOOOOOOOO

363 2064 536 2116 vatic.
572 2069 722 2115 8429.
753 2066 1170 2115 imbecillibus—4
1204 2064 1474 2114 Brotierns
1498 2064 1679 2113 scribit
1700 2066 1988 2127 quantulum,
2013 2069 2159 2114 notat
2200 2078 2291 2113 ue:
2325 2063 2412 2113 Ita
2434 2065 2563 2115 Mss-

362 2129 536 2179 Vatic.
602 2131 754 2179 Unde
794 2132 998 2180 omnino
1031 2128 1130 2179 fuit
1152 2129 1546 2189 emendandum,
1590 2128 1729 2192 quod
1770 2129 1961 2178 habent
1991 2128 2112 2177 libri
2134 2080 2283 2190 editi,
2318 2134 2561 2191 quantum.

362 2194 479 2245 Jam
523 2201 818 2243 tentaverat
859 2194 1199 2255 Boxhornius,
1236 2192 1653 2257 quantillum—6
1712 2193 1814 2241 Ms-
1852 2193 2026 2259 Vatic.
2066 2196 2213 2242 ³⁴29.
2255 2192 2565 2242 virtatem.—

363 2260 396 2306 ⁶
427 2256 695 2309 Acidalius
717 2259 980 2309 existimat
1011 2265 1148 2324 post,
1185 2260 1389 2323 impetur
1409 2256 1665 2307 excidisse
1688 2256 1912 2319 integris,
1948 2264 2009 2307 nt
2046 2263 2343 2321 opponatur
2364 2258 2565 2321 miseris,

1357 2388 1578 2439 NOTAE

429 2494 456 2531 t
488 2486 622 2536 Mori
639 2493 826 2539 tuatim
841 2504 930 2553 pro
941 2487 1130 2554 patria]
1183 2488 1302 2539 Hoc
1319 2495 1420 2551 est,

365 2568 607 2628 tanquam
651 2564 892 2614 Britanni
933 2566 1090 2615 morti
1131 2580 1188 2615 se
1231 2562 1420 2615 offerre

363 2651 466 2686 non
487 2637 746 2697 dubitent,
765 2640 808 2688 si
827 2653 920 2702 pro
937 2640 1070 2701 aliis,
1093 2649 1218 2705 puta
1239 2642 1422 2690 Rorna-

363 2714 462 2777 nis,
485 2715 557 2765 sit
581 2715 904 2779 bellandum;
940 2732 1034 2779 pro
1054 2718 1166 2767 sola
1185 2732 1308 2767 vero
1333 2731 1422 2780 pa-

367 2790 470 2839 tria
520 2790 770 2842 bellorum
827 2793 1058 2855 pericula
1105 2802 1162 2841 et
1203 2800 1422 2842 mortem

363 2864 718 2930 reformident,
737 2876 842 2923 tam
865 2869 988 2917 alias
1007 2868 1290 2917 animarum
1313 2882 1424 2917 suaf-

363 2956 476 2993 ram
493 2942 718 3005 prodigi.
757 2943 1048 3003 Vir-dangu.

430 3016 456 3049 Ι·
490 3018 733 3072 Quantam
762 3018 888 3065 eninr
919 3016 1164 3079 transisse]
1215 3018 1272 3067 Si
1309 3018 1425 3068 Bri-

365 3092 538 3141 tannis
590 3092 754 3141 libeat
805 3092 942 3141 vires
997 3106 1115 3141 suas
1145 3094 1424 3148 ,universas

364 3170 697 3233 conjungere,
763 3177 886 3219 tunc
937 3168 1262 3220 manifestam
1312 3171 1422 3222 fore

365 3245 684 3309 paucitatem
709 3245 1050 3294 Romanorum
1072 3246 1312 3309 militum,
1333 3249 1422 3312 qui

363 3322 417 3373 in
448 3320 774 3371 Britanniam
811 3318 1068 3371 inferendi
1105 3322 1228 3372 belli
1268 3338 1424 3375 causa

364 3396 688 3460 trajecerint,
729 3411 946 3461 eamque
985 3397 1300 3461 paucitatem
1335 3399 1427 3450 im-

365 3487 544 3537 parem
567 3472 886 3523 multitudini
903 3474 1266 3525 Britannorum
1288 3475 1426 3526 futu-

360 3549 1072 3673 “ingiam-‘munina
1109 3624 1310 3687 jugum]
1362 3625 1426 3675 In

363 3700 546 3765 praelio
581 3699 828 3751 adversus
873 3699 1184 3751 Quintilium
1219 3702 1431 3751 Varum.

361 3776 590 3827 mus.

429 3849 450 3895 J
477 3850 716 3914 menam]
748 3851 980 3900 Rhenum
1003 3850 1266 3915 intelligit.
1298 3852 1428 3902 Rae·

365 3940 532 3977 amia.

431 4000 457 4037 Β
507 3998 716 4067 Osco-o]
755 3999 1021 4053 ,Oceanus
1075 4000 1428 4054 Germanicas.

367 4078 504 4129 vide
525 4085 676 4128 notas
694 4074 758 4125 ad
779 4076 1108 4127 Germaniam
1131 4092 1178 4127 c.
1204 4082 1252 4127 1.

360 4176 396 4207 ,·
445 4150 1427 4215 naama-mmmbdlime]

371 4230 570 4295 Gellius
593 4244 646 4282 r.
667 4234 718 4281 6.
754 4228 770 4257 ‘
793 4225 1124 4283 Ostendebat
1157 4228 1208 4279 ei
1249 4226 1429 4297 [Anni-

1501 2484 1632 2548 bali]
1667 2484 1956 2535 Antiochus
1987 2484 2037 2533 in
2058 2498 2244 2548 campo
2276 2481 2455 2546 copias
2486 2480 2565 2531 in-

1502 2570 1704 2627 gentes,
1754 2577 1881 2625 qnas
1932 2561 2124 2611 bellum
2178 2560 2371 2624 populo
2411 2560 2563 2608 Rom.

1502 2637 1737 2689 facturus
1758 2643 2183 2702 comparaverat:
2206 2636 2567 2685 convertebat·

1501 2728 1605 2779 que
1646 2713 1937 2763 exercitum
1978 2710 2263 2774 insignibus
2304 2708 2565 2775 argenteis

1501 2796 1559 2839 et
1580 2790 1749 2839 aureis
1770 2787 2057 2837 florentem.
2090 2786 2384 2837 Inducebat
2407 2786 2565 2835 etiam

1503 2878 1687 2913 currus
1725 2876 1843 2911 cum
1887 2862 2127 2924 falcibus,
2166 2868 2224 2909 et
2258 2862 2563 2923 elephantos

1505 2954 1623 2988 cum
1676 2938 1926 2998 turribus,
1980 2938 2317 3001 equitumque
2375 2935 2565 3001 fraenia,

1503 3012 1785 3077 ephippiis,
1806 3011 2095 3073 monilibus,
2111 3011 2334 3073 phaleris
2356 3010 2566 3073 praeful-

1503 3093 1731 3153 gentem.
1796 3086 1973 3151 Atque
2012 3086 2087 3136 ibi
2126 3099 2219 3135 rex
2250 3088 2569 3151 contempla-

1506 3166 1647 3214 tione
1688 3164 1817 3213 tanti
1856 3178 1917 3213 ac
1958 3170 2061 3212 tarn
2096 3162 2263 3213 ornati
2300 3152 2564 3213 exercitus

1506 3240 1891 3305 gloriabundus,
1912 3238 2221 3289 Annibalem
2243 3239 2455 3302 aspicit:
2491 3244 2567 3303 et,

1506 3317 1673 3367 Putas
1696 3330 1779 3379 ne,
1812 3314 2001 3378 inquit,
2036 3313 2263 3363 conferri
2298 3328 2469 3379 posse,
2500 3329 2565 3367 ac

1505 3392 1632 3443 satis
1654 3408 1767 3443 esse
1786 3391 1955 3440 credis
1972 3390 2217 3442 Romanis
2233 3390 2346 3441 lioec
2366 3390 2567 3442 omnia?

1503 3470 1635 3519 Tum
1658 3469 1848 3517 Poenus
1870 3467 2083 3516 eludens
2112 3466 2371 3533 ignaviam
2388 3467 2567 3519 imbel-

1505 3546 1727 3609 liamque
1748 3544 1969 3592 militum
1990 3543 2105 3606 ejus
2144 3544 2371 3605 pretiose
2403 3556 2567 3594 arma-

1509 3626 1677 3671 torum
1698 3636 1711 3670 :
1746 3618 1885 3668 Satis
1906 3618 2077 3681 plane,
2092 3619 2280 3683 inquit,
2300 3619 2426 3668 satis
2448 3632 2567 3669 essa

1506 3696 1665 3747 credo
1698 3694 1947 3745 Romanis
1972 3695 2086 3743 hoec
2106 3694 2295 3757 omnia,
2338 3692 2499 3745 etiam
2520 3694 2565 3744 si

1504 3770 1789 3823 avarissimi
1808 3768 1967 3819 sunt.'

1569 3854 1607 3880 ¹¹¹
1646 3848 1715 3897 Ut
1754 3846 1824 3896 D.
1844 3845 2030 3909 Julius]
2083 3846 2207 3907 Qui,
2251 3851 2311 3894 nt
2352 3846 2565 3910 qnidam

1507 3924 1753 3977 Lucanus
1772 3922 1930 3981 canit,
1970 3924 1987 3950 ⁴
2014 3922 2199 3971 territa
2234 3922 2466 3985 quaesitia
2486 3936 2567 3973 os*

1507 3998 1681 4051 tendit
1698 4005 1849 4061 terga
1868 3996 2163 4049 Britannis?
2202 3998 2489 4060 Vir-dmu-
2520 4002 2528 4009 '

1570 4084 1597 4114 ¹²
1632 4077 1749 4127 Plu
1767 4074 1991 4138 impetu]
2046 4073 2353 4136 conjunctio
2390 4073 2565 4137 aliqua

1505 4153 1593 4204 hic
1626 4152 1809 4205 deesse
1830 4150 2051 4201 videtur.
2116 4148 2201 4197 Sic
2238 4148 2418 4211 capio:
2450 4160 2565 4199 neas

1505 4228 1665 4293 μηδὲ
1684 4226 1823 4279 usius
1840 4229 1925 4283 cat
1947 4222 2145 4295 ulteria
2163 4226 2327 4277 erem
2352 4234 2567 4287 mm

2501 4299 2519 4325 t*
