3175 4934
26 4100 34 4369 -μή-ι-ι-ιη

1080 437 1490 502 Λακισοω,
1536 439 1702 490 cae.
1745 425 1856 490 44.
2395 427 2572 496 8611

362 577 547 660 apud
566 584 837 643 nostras
862 595 1059 646 aures
1080 583 1541 648 ominabatnr:
1586 585 1684 648 ita
1705 583 2036 648 festinatae
2063 585 2294 650 mortis
2319 587 2566 668 grande

358 677 670 742 solatium
704 681 880 758 tulit,
914 685 1213 748 evasisse
1266 691 1676 766 postremum
1723 685 1888 750 illud
1933 693 2218 770 tempuS‚
2262 707 2396 771 quo
2429 689 2572 754 Do·

362 777 695 856 mitianuS,
728 801 853 844 non
883 783 1025 866 jam
1058 805 1173 866 per
1200 786 1548 852 intervalla
1595 807 1676 851 ac
1727 789 2130 870 spiramenta
2181 795 2567 871 temporum,

361 879 483 943 sed
514 883 831 947 continuo
858 890 923 947 et
942 884 1123 950 velut
1148 906 1285 950 uno
1312 885 1495 966 ictu)
1525 889 2042 973 Rempublicam
2071 891 2444 954 exhausit.¹¹¹

358 1023 493 1102 nobis
510 1027 809 1079 audientibus
829 1033 1156 1094 «amabatur
1170 1050 1189 1083 .-
1218 1035 1291 1084 ita
1332 1035 1563 1084 maturati
1584 1037 1743 1086 exitus
1774 1051 1994 1094 mmmm
2028 1039 2232 1085 mamert
2251 1037 2432 1098 habuit,
2449 1036 2573 1101 effu-

354 1103 486 1152 gisse
504 1094 719 1142 ultimam
740 1097 874 1144 ultim
895 1102 1234 1159 tempestatem,
1256 1115 1349 1162 qna
1374 1101 1698 1158 Domitianas,
1723 1117 1812 1150 non
1835 1103 1940 1160 jam
1959 1117 2044 1163 per
2064 1102 2220 1164 spatia
2240 1102 2572 1152 &interstitia

358 1157 635 1222 temporum,
650 1160 735 1208 sod
749 1165 979 1226 perpetua
1001 1167 1047 1212 et
1070 1165 1195 1212 uelut
1216 1177 1311 1212 m
1331 1169 1511 1226 strage,
1532 1165 1764 1228 Rmpub.
1789 1166 1980 1228 uertit,
1999 1165 2216 1216 exscidit.

1358 1291 1567 1342 NOTAE

356 1389 555 1429 summa
591 1380 780 1432 iterum
820 1383 1066 1435 confusio.
1144 1385 1301 1451 Apud
1346 1389 1423 1440 M.

358 1453 541 1505 Aurei.
566 1457 719 1519 epist.
746 1473 819 1508 vr.
846 1464 958 1511 108.

422 1532 649 1596 Legatus
692 1535 899 1599 quidam
948 1538 1182 1602 Dionysii
1223 1540 1426 1603 tyranni

272 1655 287 1666 ,
355 1605 532 1672 Siculi,
583 1624 699 1658 cum
745 1612 1045 1662 adverteret
1100 1615 1424 1679 majestatem

360 1693 588 1746 senatus,
644 1687 830 1736 molem
888 1688 1155 1752 Capitolii,
1208 1693 1425 1754 gloriam

358 1759 750 1822 triumphorum,
771 1763 1123 1815 diversitatem
1142 1768 1427 1828 nationum,

357 1833 580 1896 quietem
622 1837 785 1900 urbis,
816 1845 871 1888 et
907 1840 1115 1890 ordines
1154 1845 1426 1906 magistra-

358 1915 521 1970 tuum,
558 1917 713 1975 atque
746 1915 1109 1980 interrogatus,
1149 1919 1289 1970 Quid
1328 1919 1427 1969 tibi

355 1985 599 2037 videtur?
647 1989 696 2037 Ο
742 1991 923 2054 Roma,
960 1993 1149 2056 inquit,
1183 1993 1303 2042 huic
1338 2001 1428 2042 tuo

358 2065 463 2108 tam
490 2063 711 2125 sapienti
736 2067 929 2115 saecnlo
952 2068 1197 2118 succedet
1232 2070 1425 2119 stultis·

360 2133 558 2184 simum.
629 2137 825 2203 Utique
850 2141 999 2191 nimis
1024 2157 1145 2194 vero
1182 2145 1426 2194 vaticinio

356 2212 569 2260 vulnera
609 2212 987 2280 insequentium
1028 2225 1243 2270 aetatum
1283 2220 1427 2271 dete-

359 2285 519 2349 gebat
540 2287 627 2335 iile
649 2305 663 2336 z
699 2291 835 2353 quod
860 2307 981 2342 mox
1010 2309 1184 2344 rursus
1207 2295 1429 2358 contigit

357 2363 449 2412 sub
475 2365 767 2415 Commodis
799 2374 856 2417 et
892 2370 1191 2432 Caracallis‚
1226 2378 1282 2421 et
1312 2372 1425 2420 aliis

356 2439 609 2489 similibus
634 2442 837 2506 imperii
853 2460 915 2496 ac
937 2445 1158 2510 Reipub.
1181 2447 1427 2496 dehones-

361 2517 625 2565 tameutis.

426 2591 997 2658 Videre....onu·mbatur]
1062 2597 1255 2645 Mirum
1280 2598 1321 2646 si
1349 2601 1427 2646 tot

356 2681 517 2716 annos
537 2675 657 2716 ante
676 2670 967 2734 praesagiit:
1004 2685 1099 2722 uec
1116 2673 1182 2722 de
1198 2675 1424 2738 Trajano

353 2743 459 2791 ulla
493 2755 613 2805 spes
647 2749 739 2792 aut
770 2744 1027 2808 suspicio;
1062 2748 1161 2796 nisi
1194 2748 1241 2797 si
1276 2751 1423 2800 Deus

354 2825 584 2868 mentem
608 2820 685 2869 illi
720 2820 902 2880 movit,
938 2829 1029 2871 ant
1059 2829 1237 2873 nostro
1259 2826 1425 2887 scrip-

352 2895 457 2944 tori
492 2895 775 2946 blanditia:
810 2897 948 2960 quod
980 2911 1082 2946 non
1116 2899 1267 2947 solet.
1310 2901 1425 2962 Lt'p-

356 2985 473 3020 nus.

393 3055 419 3078 ⁰
439 3047 577 3101 Quod
598 3045 803 3110 aug-urio
816 3045 1424 3112 votique]1·:xpnnximun

355 3136 641 3188 pronomen
664 3123 803 3186 quod,
838 3127 897 3169 ut
928 3121 1189 3171 cohaereat
1220 3131 1425 3172 seuten-

354 3198 445 3248 tia.
481 3197 757 3248 Rhenanus.
814 3195 1039 3245 Retineo
1060 3211 1253 3255 vocem,
1274 3201 1425 3261 quod,-

354 3281 413 3324 et
430 3274 511 3322 hic
529 3274 875 3336 interpretor:
915 3272 1053 3322 Nam
1070 3273 1222 3322 sicuti
1240 3273 1425 3323 durare

353 3350 409 3398 in
432 3350 529 3399 hac
553 3348 839 3398 beatissimi
862 3348 1041 3396 saeculi
1060 3349 1195 3410 luce,
1211 3364 1271 3398 ac
1292 3349 1427 3412 prin-

356 3425 529 3487 cipem
542 3421 821 3487 Trajanum
840 3423 1014 3472 videre
1028 3422 1083 3488 (q
1092 3425 1193 3474 uod
1213 3425 1427 3488 augurio

363 3502 598 3565 votisque
638 3500 778 3565 apud
817 3503 1023 3548 nostras
1059 3514 1207 3549 aures
1240 3501 1430 3550 omina·

357 3575 541 3641 batur)
566 3577 763 3640 grande
794 3573 1032 3624 solatium
1060 3573 1317 3638 Agricolae
1348 3575 1429 3626 fu-

357 3651 519 3714 isset;
553 3654 627 3701 ita
650 3651 899 3702 festinata
924 3663 1063 3698 mors
1095 3651 1223 3700 illud
1260 3651 1429 3715 ipsum

358 3729 553 3792 grande
576 3727 815 3778 solatium
840 3725 891 3776 ei
914 3726 1111 3775 attulit.
1148 3727 1377 3776 Piclteaoe.

422 3805 591 3852 Recte
628 3803 897 3865 Interpres
930 3801 1075 3850 Flor.
1114 3816 1231 3851 nam
1272 3801 1425 3852 sicuti

360 3879 655 3944 principem
692 3877 973 3940 Trajanum
1004 3876 1187 3926 videre
1232 3878 1427 3941 grande

356 3954 593 4005 solatium
628 3953 909 4014 habuisset,
947 3953 1084 4018 quod
1122 3956 1338 4017 augurio
1370 3959 1427 4004 et

356 4031 495 4083 votis
519 4029 884 4088 ominabatur3
919 4029 993 4078 ita
1014 4028 1271 4078 festinatae
1294 4045 1429 4080 mor-

360 4104 431 4156 tio
448 4105 645 4169 grande
667 4103 907 4153 solatium
928 4111 984 4153 et
1005 4105 1269 4166 prae'mium
1289 4105 1429 4168 tulit,

357 4182 559 4232 natiue
592 4186 875 4244 postremam
909 4185 1091 4244 ternpus
1122 4181 1427 4234 Domitiani.

354 4255 515 4322 cape
532 4257 607 4308 sic
630 4255 845 4308 critica
861 4255 1001 4306 male
1022 4254 1183 4308 cedit.

1574 1391 1793 1452 Augur-io
1829 1407 1884 1440 ue
1918 1391 2062 1454 rotis]
2115 1391 2203 1442 sic
2237 1397 2286 1442 3.
2339 1390 2572 1454 Agricol.

1508 1466 1523 1492 ‘
1542 1465 1852 1530 Augeatque
1878 1467 2106 1529 quotidie
2139 1465 2447 1516 felicitatem
2481 1466 2573 1516 im·

1508 1541 1641 1604 perii
1663 1541 1840 1595 Nerva
1855 1541 2112 1604 Trajanus
2132 1559 2146 1600 3
2181 1557 2278 1590 nec
2297 1555 2442 1604 spem
2465 1555 2572 1590 mo-

1506 1615 1573 1664 do
1615 1630 1676 1664 ac
1711 1623 1886 1666 votum
1927 1617 2175 1666 securitas
2217 1615 2444 1680 publica,
2479 1613 2574 1664 sed

1507 1690 1668 1753 ipsius
1692 1691 1799 1740 voti
1835 1689 2078 1742 fiduciam
2114 1707 2174 1742 ac
2199 1692 2356 1741 robur
2377 1705 2571 1741 assum·-

1508 1766 1666 1826 serit,'
1691 1770 1790 1816 διο.
1854 1767 2042 1832 Igitur,
2080 1768 2368 1830 imperante
2391 1767 2576 1816 Domi·

1509 1841 1667 1901 tiano,
1693 1855 1806 1904 spe,
1823 1841 1978 1902 votis,
1997 1843 2232 1904 augurio,
2263 1841 2574 1890 felicitatem

1508 1915 1901 1976 ominabantur3
1937 1917 2026 1966 sed
2054 1916 2278 1965 nondum
2297 1917 2430 1980 spei,
2445 1917 2572 1980 voti,

1509 1997 1565 2040 et
1588 1992 1788 2054 augurii
1810 1998 2006 2040 certam
2031 1990 2272 2040 fiduciam
2297 1997 2388 2040 aut
2417 1991 2575 2040 robur

1507 2080 1766 2115 assumere
1786 2071 2052 2129 poterant:
2090 2065 2314 2114 nondum
2333 2066 2466 2114 certi
2484 2071 2575 2148 ⁸¹2²

1507 2143 1673 2191 securi
1693 2150 1928 2190 votorum
1953 2149 2121 2202 erant,
2159 2149 2219 2190 ut
2242 2156 2340 2190 nec
2363 2141 2474 2204 ipse
2503 2141 2573 2190 Α-

1508 2217 1704 2280 gricola
1725 2218 1965 2267 moriens.
2029 2217 2136 2266 Sed
2158 2219 2448 2281 imperante
2483 2218 2573 2266 de·

1506 2307 1646 2340 mum
1683 2291 1926 2355 Trajano‚
1973 2292 2177 2342 firmata
2232 2301 2288 2341 et
2329 2293 2574 2342 roborata

1506 2375 1589 2416 est
1607 2373 1839 2416 votorum
1867 2369 2196 2432 ominumque
2217 2368 2427 2418 fiducia.

1572 2443 1694 2491 Non
1717 2444 1914 2504 augurio
1937 2444 2065 2506 solo,
2087 2443 2180 2492 sed
2205 2444 2354 2492 simul
2371 2442 2575 2504 augurio

1505 2523 1551 2567 et
1574 2519 1728 2576 edis,-
1760 2519 1981 2568 nondum
2003 2526 2175 2569 tamen
2199 2521 2375 2584 certis,
2399 2527 2458 2569 ut
2483 2535 2574 2583 pu-

1506 2601 1640 2656 tant,
1688 2594 2018 2644 ominabatur
2059 2596 2321 2658 Agricola.
2387 2597 2575 2658 Spera-

1503 2667 1598 2717 bat
1619 2669 1808 2718 bonum
1833 2669 2141 2734 principem,
2156 2672 2322 2734 qualis
2337 2669 2438 2720 fuit
2453 2671 2575 2720 Tra-

1494 2746 1672 2808 janus‚
1693 2745 1816 2793 nihil
1843 2745 1999 2794 alind.
2053 2747 2205 2794 Votis
2243 2747 2348 2795 suis
2384 2753 2442 2795 et
2479 2759 2574 2809 spe

1506 2820 1876 2883 augurabatur,
1915 2821 2052 2885 quod
2090 2837 2210 2870 mox
2249 2821 2438 2870 cecinit
2460 2835 2575 2870 cor-

1504 2895 1594 2942 nix
1653 2895 1878 2944 insidens
1921 2897 2202 2958 Capitolio,
2243 2895 2378 2945 ἔσται
2419 2895 2576 2946 πάντα

1506 2971 1678 3018 καλῶς·
1729 2969 1868 3033 quod
1929 2970 2004 3018 sic
2067 2971 2402 3033 interpretati
2451 2979 2574 3021 sunt

1507 3044 1644 3107 apud
1685 3045 1900 3093 Sueton.
1964 3045 1980 3072 ‘
2015 3045 2112 3094 Est
2152 3045 2302 3108 bene,
2341 3059 2442 3094 non
2481 3061 2574 3110 po-

1507 3121 1610 3170 tuit
1631 3121 1808 3169 dicere
1829 3137 1842 3180 ;
1877 3119 2031 3182 dixit,
2051 3120 2200 3169 Erit?

1568 3195 1792 3258 Aug-urio
1807 3211 1863 3244 ac
1877 3197 2022 3258 uotis]
2044 3197 2158 3245 Cic.
2177 3211 2272 3259 pro
2288 3198 2365 3246 Μ.
2379 3199 2544 3249 coelio
2557 3215 2574 3250 ε

1506 3273 1598 3322 ubi
1615 3273 1680 3320 de
1697 3273 1764 3324 Q.
1787 3272 2031 3321 Metello:
2059 3274 2076 3300 ‘
2094 3273 2212 3324 Quo
2226 3273 2430 3338 quidem
2447 3279 2576 3325 tem-

1508 3361 1634 3410 pore
1657 3348 1744 3395 ille
1767 3347 2006 3409 moriens,
2029 3363 2146 3397 cum
2160 3349 2269 3414 jam
2293 3352 2484 3401 ceteris
2505 3367 2573 3404 ex

1507 3423 1743 3486 partibus
1765 3435 2016 3484 oppressa
2038 3439 2180 3473 mens
2199 3433 2364 3475 essct:
2399 3435 2570 3478 extre-

1507 3512 1646 3547 mum
1669 3512 1874 3546 sensum
1915 3513 1974 3547 ac
2011 3501 2310 3550 memoriam
2348 3503 2573 3567 Reipub.

1506 3574 1832 3636 reservabat,
1851 3587 1968 3622 cum
1991 3588 2073 3622 me
2103 3575 2308 3624 intuens
2341 3575 2573 3644 flentem,

1506 3647 1830 3712 significabat
1871 3649 2177 3712 interruptis
2219 3660 2376 3716 atque
2421 3655 2578 3704 mori-

1508 3725 1716 3774 entibus
1741 3723 1972 3785 vocibus,
2011 3733 2205 3788 quanta
2247 3727 2576 3790 impenderet

1506 3799 1738 3862 procella
1761 3797 1892 3859 urbi,
1921 3807 2110 3862 quanta
2145 3807 2427 3864 tempestas
2452 3804 2576 3854 civi·

1506 3875 1634 3935 tati3
1667 3880 1724 3923 et
1757 3889 1873 3924 cum
1907 3875 2160 3939 parietem
2199 3892 2338 3940 saepe
2382 3879 2578 3932 serien.

1504 3965 1644 4011 enm,
1686 3951 1772 4014 qui
1815 3965 1932 4000 curn
1973 3953 2039 4000 Q.
2080 3953 2270 4002 Catulo
2313 3953 2486 4005 fuerat
2523 3956 2575 4006 ei

1505 4026 1806 4086 communis,
1825 4027 2008 4075 crebro
2031 4029 2288 4090 Catulum,
2309 4044 2448 4094 szepe
2471 4045 2576 4096 me,

1504 4103 1786 4166 sepissime
1807 4101 2058 4164 Rempub.
2083 4104 2417 4168 nominabat,'
2437 4110 2539 4157 &c-

1574 4177 1587 4210 ¹
1626 4179 1763 4229 Vel-e
1784 4193 1878 4226 uno
1897 4177 2020 4239 ictu]
2073 4179 2160 4227 Sic
2198 4180 2266 4229 de
2303 4181 2578 4245 Caligula:-

1502 4253 1710 4306 Seneca
1741 4253 1812 4306 de
1841 4253 1930 4306 Ira
1951 4265 2040 4304 m.
2075 4255 2158 4306 19.
2211 4255 2230 4285 ⁸
2254 4254 2450 4322 Homo,
2481 4259 2574 4326 qui
