3175 4934
1230 405 1748 464 nnuvmmuu.
2415 401 2592 470 8624)

385 548 667 617 forensis
693 552 887 618 labor
912 553 1256 631 concedat,
1286 555 1465 637 quod
1494 557 1676 620 aurei
1705 555 1937 624 saeculi
1963 559 2276 643 exemplo
2307 565 2588 626 constet.

384 649 819 735 Voluptatem
859 673 1060 736 porro
1110 655 1445 737 puriorem
1496 655 1726 720 afferre
1771 677 2106 722 secessum
2137 661 2208 722 in
2231 681 2496 726 nemora
2523 669 2592 729 et

384 753 599 832 lucos,
666 773 867 838 quam
926 757 1421 837 sanguinantem
1478 756 1946 840 eloquentiam.
2037 759 2290 824 Dulces
2351 758 2592 830 Musas

382 873 699 920 revocare
726 873 887 919 suos
916 857 1201 922 cultores
1229 877 1275 920 a
1298 857 1842 923 solicitudinibus
1869 865 1934 924 et
1964 862 2158 926 curis.

468 956 579 1023 14.
625 959 1025 1042 Supervenit
1051 959 1423 1043 Vipstanus
1452 959 1775 1025 Messala.
1867 961 1964 1040 Is,
2012 964 2432 1046 antiquorum
2469 965 2589 1030 ad·-

383 1056 681 1138 mirator,
724 1057 987 1143 Aprum
1016 1079 1059 1124 a
1084 1079 1405 1125 novorum
1432 1061 1762 1126 rhetorum
1797 1081 1996 1142 more,
2023 1063 2112 1128 ad
2151 1071 2437 1130 veterem
2460 1066 2591 1131 sor·

382 1177 563 1224 mam
590 1160 842 1224 trahere
870 1160 1121 1226 nititur.
1209 1161 1481 1228 15—18.
1524 1161 1711 1246 Aper
1733 1183 2108 1246 repugnans
2129 1171 2352 1230 movet
2371 1187 2592 1250 qums-

382 1261 651 1340 tionem,
698 1263 967 1346 quinam
993 1266 1287 1327 oratores
1333 1263 1619 1328 vocandi
1663 1265 1796 1330 sint
1843 1267 2116 1349 antiqui.
2207 1267 2361 1332 Hos
2389 1287 2588 1335 vene-

382 1367 605 1428 rantur
661 1362 981 1441 Messala,
1040 1363 1411 1441 Secundus,
1470 1362 1844 1430 Maternus.
1933 1365 2122 1449 Aper
2189 1370 2424 1434 saeculi
2479 1373 2590 1438 sui

382 1471 612 1548 partes
643 1468 881 1542 tuetur,
898 1484 1021 1529 nec
1049 1467 1307 1528 veteres
1332 1483 1482 1528 esse
1504 1465 1824 1531 dicendos
1843 1467 2123 1552 judicat,
2155 1489 2328 1553 quos
2358 1491 2590 1537 eorun-

380 1565 533 1632 dem
588 1567 928 1632 hominum
978 1585 1167 1630 aures
1216 1585 1577 1648 agnoscere
1629 1570 1982 1652 potuerint.
2073 1570 2470 1638 Ciceronem
2517 1581 2589 1642 et

384 1671 788 1746 coaetaneos,
830 1668 963 1731 fere
1008 1668 1079 1730 in
1122 1666 1346 1731 medio
1391 1669 1676 1750 positos,
1726 1671 1815 1734 ab
1856 1673 2274 1755 antiquorum
2303 1675 2587 1741 asseclis

382 1769 535 1834 istis
564 1769 919 1834 accenseri.
1010 1766 1092 1834 In
1118 1769 1231 1847 iis,
1272 1769 1391 1852 qui
1429 1775 1750 1835 vocentur
1789 1775 2064 1856 antiqui,
2105 1775 2328 1857 plures
2359 1775 2588 1861 depre-

380 1869 579 1935 hendi
606 1872 891 1954 species,
934 1889 1055 1934 nec
1098 1889 1303 1934 unum
1342 1889 1497 1934 esse
1538 1871 1938 1954 eloquentiae
1968 1874 2248 1940 vultum.
2341 1874 2587 1960 Malig-

382 1970 585 2034 nitate
629 1971 919 2035 humana
955 1975 1183 2036 vetera
1224 1971 1295 2034 in
1333 1970 1555 2048 laude,
1595 1974 1961 2054 proesentia
2005 1976 2074 2038 in
2113 1975 2386 2042 fastidio
2413 1995 2585 2046 esse.

383 2071 489 2139 19.
536 2071 847 2137 Cassium
876 2071 1214 2150 Severum,
1266 2091 1466 2156 quem
1500 2074 1848 2138 terminum
1891 2076 2302 2160 antiquitatis
2343 2077 2588 2144 consti-

382 2179 587 2252 tuant,
631 2193 673 2238 a
696 2179 919 2238 vetere
947 2174 1219 2238 flexisse
1248 2175 1367 2240 via
1390 2195 1523 2240 non
1548 2174 1838 2254 inscitia,
1885 2177 2005 2240 sed
2024 2176 2284 2260 judicio
2313 2183 2380 2242 et
2405 2179 2590 2244 intel·

380 2275 601 2356 lectu;
647 2296 799 2341 cum
828 2275 1205 2341 conditione
1244 2282 1614 2360 temporum
1645 2296 1730 2342 ac
1759 2277 2142 2342 diversitate
2168 2280 2426 2344 aurium
2454 2279 2585 2345 for-

380 2397 561 2446 mam
578 2395 841 2463 quoque
858 2377 1177 2443 orationis
1196 2378 1404 2442 fuisse
1420 2376 1832 2443 mutandam.
1877 2380 1988 2444 20.
2013 2379 2242 2443 Variis
2257 2382 2588 2446 scatuisse

380 2486 667 2544 veterem
687 2481 1133 2564 eloquentiam
1150 2481 1355 2546 vitiis.
1407 2479 1808 2545 Auditorum
1829 2500 2144 2547 coronam
2166 2482 2430 2564 exigere
2439 2483 2588 2566 jam

378 2579 703 2646 laetiorem
745 2588 813 2646 et
851 2582 1297 2666 pulchriorem
1346 2583 1716 2646 orationem
1763 2588 1829 2647 et
1871 2582 2212 2666 poeticum
2257 2582 2584 2648 decorem.

381 2682 491 2748 21..
516 2682 627 2746 22.
674 2683 1024 2766 Dijudicat
1052 2684 1204 2749 dein
1232 2683 1421 2768 Aper
1447 2683 1670 2761 Calvi,
1718 2683 1943 2762 Coelii,
1996 2683 2318 2763 Caesaris,
2371 2683 2582 2764 Bruti,

380 2780 925 2868 Asinii,3Corvini
955 2786 1287 2850 orationes
1316 2790 1385 2850 et
1414 2786 1731 2864 carmina,
1761 2791 1828 2848 et
1853 2788 2194 2868 praecipue
2218 2784 2586 2865 Ciceronis,

381 2886 576 2969 cujus
603 2886 835 2950 laudes
864 2887 1045 2948 canit
1088 2890 1157 2948 et
1198 2885 1367 2948 vitia
1408 2884 1845 2966 reprehendit,
1893 2903 2046 2966 quse
2075 2886 2225 2948 sola
2252 2887 2586 2967 perversis

380 2986 822 3051 imitatoribus
866 2986 1196 3068 placeant.
1282 2983 1391 3048 23.
1435 2983 1690 3047 Veram
1731 3001 1878 3046 esse
1921 2984 2316 3066 eloquentiae
2355 2991 2584 3064 artem,

380 3087 811 3171 antiquorum
836 3085 1183 3151 laetissima
1221 3105 1507 3170 quasque
1550 3075 1798 3150 imitari
1846 3090 1916 3150 et
1955 3104 2000 3148 a
2035 3086 2410 3150 recentibus
2427 3085 2588 3150 seli-

382 3191 547 3254 citer
573 3195 831 3274 reperta
860 3190 1159 3254 miscere.

465 3290 573 3356 24.
604 3289 649 3354 J
654 3309 763 3354 am
782 3289 1128 3354 Maternus
1144 3289 1445 3354 hortatur
1464 3289 1860 3366 Messalam,
1877 3295 1970 3366 ut,
1991 3289 2200 3352 missa
2213 3287 2590 3352 laudatione

382 3394 823 3476 antiquorum,
854 3393 974 3474 qui
1004 3391 1121 3454 illa
1148 3409 1281 3454 non
1310 3390 1670 3472 indigeant,
1695 3409 1936 3454 causas
1965 3393 2342 3471 expromat,
2369 3408 2487 3452 cur
2515 3389 2587 3452 in

382 3499 635 3560 tantum
665 3496 753 3557 ab
778 3513 1003 3557 eorum
1028 3492 1411 3575 eloquentia
1448 3491 1798 3555 recesserit
1839 3491 2170 3554 recentior
2197 3495 2386 3555 aetas.
2473 3489 2586 3554 25.

382 3593 685 3660 Messala
712 3601 960 3673 monet,
1004 3595 1273 3678 quinam
1321 3594 1577 3677 antiqui
1627 3590 1930 3671 dicendi;
1975 3591 2198 3674 plures
2242 3591 2458 3654 fuisse
2487 3589 2587 3654 di-

378 3698 572 3762 cendi
620 3698 869 3765 formas
923 3697 1162 3760 iisdem
1210 3696 1519 3774 saeculis3
1576 3694 1789 3771 docet,
1837 3693 2000 3775 quid
2043 3691 2456 3756 sentiendum
2502 3691 2586 3756 de

378 3799 753 3881 eloquentia
781 3798 978 3863 Calvi
1008 3806 1075 3863 et
1102 3805 1487 3876 ceterorum,
1535 3796 1616 3860 de
1661 3797 1906 3878 quibus
1946 3814 2108 3857 mox
2134 3794 2424 3873 dictum;
2469 3792 2589 3856 ad-

380 3898 505 3988 dit,
526 3900 707 3984 quod
734 3921 806 3963 se
836 3901 1263 3966 obtrectarint
1288 3899 1602 3974 invicem,
1625 3897 1858 3961 vitium
1886 3915 2033 3960 esse
2063 3914 2192 3960 non
2223 3902 2588 3974 oratorum,

381 4000 499 4065 sed
529 4000 885 4064 hominum.
971 4003 1077 4066 26.
1124 4001 1205 4066 C.
1238 4000 1534 4066 Gracchi
1566 4001 1886 4081 impetum
1916 4005 1982 4062 et
2009 3999 2086 4062 L.
2115 3997 2343 4061 Crassi
2371 3999 2588 4060 matu-

378 4102 641 4167 ritatem
673 4102 1145 4182 praeferendam
1186 4120 1336 4164 esse
1380 4099 1778 4164 calamistris
1813 4099 2220 4164 Maecenatis
2249 4104 2367 4162 aut
2396 4095 2590 4160 tinni-

382 4202 563 4268 tibus
580 4201 934 4267 Gallionis·
1024 4201 1338 4266 Cassium
1360 4202 1680 4266 Severum
1707 4219 1941 4284 parum
1961 4199 2202 4263 habere
2221 4196 2586 4279 sanguinis,

370 4308 452 4370 et
478 4305 697 4372 rixare
724 4303 963 4389 magis,
992 4323 1197 4390 quam
1222 4323 1537 4390 pugnare,
1565 4322 1695 4370 nec
1725 4301 2029 4372 attulisse
2057 4297 2344 4387 Aprum,
2388 4317 2586 4383 quem
