3175 4934
519 379 696 446 3244

517 539 652 602 illis
679 539 826 602 baec
857 555 1121 619 quoque
1151 534 1496 611 carmina,‘¹
1527 549 1813 618 quorum
1848 531 2087 608 relatu,
2144 549 2344 614 quem
2376 525 2723 590 bur-ritum²

509 645 809 714 mann*
863 637 1224 702 accendunt
1303 637 1580 711 animos,
1638 634 2015 715 futuraeque
2084 649 2327 716 pugnae
2399 632 2724 695 fortunam

521 740 676 823 ipso
759 747 954 804 cantu
1021 744 1451 820 augurantur:
1521 743 1762 799 terrent
1819 738 1993 798 enim
2042 735 2477 817 trepidantve,
2529 735 2727 814 prout

1217 393 1285 441 0'.
1333 391 1532 440 cmm
1545 389 1703 438 131.ss
1738 387 2011 437 srAcffl

520 918 652 968 quem
673 905 935 954 Bau-itum
969 906 1219 969 appellunt,
1254 903 1506 954 incendunt
1539 904 1739 962 animos,
1777 907 1825 951 et
1860 903 2053 952 mundi
2088 900 2245 963 proelii
2280 905 2493 948 euenum
2524 913 2586 946 ex
2620 897 2722 961 ipso

518 969 718 1020 clamore
734 969 1138 1034 interpretantur.-
1169 971 1336 1032 quippe
1350 974 1529 1018 terreat
1550 968 1645 1028 illi,
1668 973 1751 1018 aut
1777 971 1972 1030 pauent,
1990 971 2135 1029 prou
2155 964 2461 1014 exercituin
2477 964 2723 1012 clausor-em

1447 1147 1474 1164 O
1481 1147 1680 1166 OOOO‘OO
1687 1148 1710 1167 Ο
1717 1148 1769 1167 ΟΟ
1776 1149 1803 1167 O

521 1273 639 1334 cum
664 1257 868 1324 Ryckio
889 1267 945 1309 et
963 1259 1203 1311 Brotiero
1224 1261 1380 1326 legit]
1399 1261 1668 1319 bardum,-
1700 1268 1757 1310 et
1790 1261 1867 1310 ita
1888 1261 2017 1308 Mss.
2041 1258 2215 1307 vatic.
2240 1258 2451 1306 Farnes.
2473 1253 2727 1304 Arundel.

523 1323 733 1386 Lipsius
765 1331 818 1373 et
859 1325 1194 1375 recentiores.
1269 1327 1408 1375 Male
1448 1327 1498 1374 in
1539 1324 1800 1375 veteribus
1842 1323 2178 1382 editionibus,
2215 1321 2434 1370 baritum.
2514 1319 2729 1368 Frustra

521 1394 694 1437 tentat
717 1386 1062 1447 Althannerus‚
1105 1389 1340 1439 blut-itum.
1408 1389 1566 1453 Apud
1602 1391 1833 1448 Festum,
1852 1391 1867 1416 ‘
1891 1388 2089 1436 Bardus
2122 1385 2324 1434 Gallice
2347 1390 2531 1433 cantor
2553 1384 2729 1444 appel-

518 1451 675 1514 latur,
699 1453 784 1515 qui
807 1455 1025 1502 virorum
1062 1453 1268 1503 fortium
1295 1454 1470 1502 laudes
1494 1455 1635 1504 canit
1654 1455 1689 1502 :’
1724 1461 1778 1502 et
1813 1455 1863 1501 in
1888 1451 2130 1502 Dositbei
2157 1449 2356 1514 glossis,
2376 1453 2389 1474 ‘
2420 1447 2727 1508 BARDVS,

521 1517 802 1565 carminum
844 1517 1116 1566 conditor!
1185 1517 1264 1566 De
1303 1518 1498 1568 barritu
1523 1524 1580 1568 et
1604 1517 1811 1568 barditu
1846 1517 2009 1566 multa
2048 1516 2203 1564 babet
2228 1515 2306 1563 cl.
2347 1512 2585 1572 Freret,‘
2612 1511 2728 1560 Me·

521 1580 707 1629 moires
727 1581 793 1629 de
823 1580 1140 1630 l’Aeademie
1176 1582 1373 1645 Royale
1397 1583 1488 1632 des
1525 1581 1899 1646 Inscriptions,’
1938 1581 2053 1629 Vol.
2074 1592 2243 1628 xxm.
2280 1593 2332 1640 p.
2365 1581 2478 1625 164.
2513 1583 2571 1624 et
2609 1589 2722 1640 seq.

524 1644 677 1693 Idm.
744 1643 1044 1693 Ammianus
1083 1646 1314 1694 barritum
1349 1659 1502 1697 xxvr.
1541 1652 1588 1696 ’1.
1630 1652 1686 1696 et
1710 1659 1873 1695 xxxi.
1910 1650 1959 1694 7.
1990 1651 2045 1694 et
2079 1644 2264 1704 Voget.
2296 1655 2380 1690 ur.
2419 1643 2495 1689 18.
2518 1639 2727 1688 habent.

519 1708 876 1766 Verosimilius
899 1711 1052 1758 etiarn
1093 1709 1229 1771 apud
1265 1710 1506 1760 Taciturn
1543 1714 1621 1760 sic
1660 1709 1821 1760 fuisse
1859 1709 2132 1772 scripturn.
2198 1707 2421 1770 Etymon
2453 1707 2728 1755 incertum.

523 1771 641 1824 Car.
663 1772 838 1826 Gottl.
857 1771 1030 1822 Anton
1051 1775 1188 1823 notis
1211 1772 1276 1822 ad
1303 1789 1437 1824 vers.
1457 1775 1639 1824 Germ.
1660 1775 1831 1825 Taciti
1852 1773 2015 1822 libelli
2032 1773 2194 1821 ducat
2222 1784 2287 1818 ex
2305 1769 2566 1830 ,Wur-eiea,
2588 1767 2729 1832 quod

521 1835 646 1886 belli
665 1845 870 1886 cantum
895 1836 1169 1902 significat.
1236 1838 1538 1890 Perizonius
1561 1841 1691 1904 legit
1714 1839 1935 1902 baritum,
1958 1836 2119 1902 quasi,
2140 1851 2171 1884 a
2192 1835 2321 1897 haer,
2342 1833 2479 1895 baur,
2500 1845 2731 1882 ursorum

1506 1995 1723 2047 NOTAE

521 2129 530 2135 ·
583 2111 610 2145 1Ι
629 2103 754 2154 Sunt
770 2104 868 2154 illis
882 2105 983 2154 hac
996 2120 1170 2169 φωφιο
1185 2105 1416 2169 cannino]
1431 2105 1585 2155 Aliud

522 2179 724 2229 scilicet
767 2194 926 2242 genus
967 2184 1269 2244 carminum,
1301 2191 1496 2245 proeter
1518 2181 1590 2245 id,

501 2268 625 2319 ‚quo
646 2257 857 2304 annales
879 2255 1249 2306 memorabant.
1315 2257 1587 2306 Canebant

1668 2105 1943 2156 Germanis
1988 2111 2114 2154 tunc
2154 2102 2334 2167 ignoti.
2400 2101 2731 2151 Althamerus

1668 2181 1913 2229 Blaritam
1936 2179 2111 2241 vellet,
2132 2177 2445 2230 Germanico
2470 2177 2593 2224 item
2615 2188 2731 2225 ver-

1668 2255 1755 2304 bo.
1788 2255 1999 2318 Lipsius.

523 2329 703 2394 itaque
725 2329 887 2380 fortes
911 2330 1066 2392 viros,
1107 2331 1430 2395 primumque
1451 2331 1590 2381 luter

503 2417 615 2458 ,eos
637 2404 939 2466 Herculem,
960 2405 1162 2452 illorum
1187 2405 1392 2455 seilicet
1411 2405 1589 2455 laudes

523 2487 580 2529 et
601 2493 684 2528 res
703 2487 897 2543 gestas,
919 2479 1044 2528 ituri
1062 2481 1115 2528 in
1138 2481 1336 2544 proelia,
1357 2489 1415 2531 ut
1432 2483 1590 2530 etiam

519 2553 574 2604 in
619 2554 904 2604 annalibus.
973 2556 1106 2604 Nam
1147 2557 1364 2606 Tacitus
1403 2558 1592 2608 Annal-

524 2643 593 2680 ιι.
613 2631 670 2679 in
690 2630 793 2679 fine
833 2630 900 2680 de
928 2629 1162 2681 Arminio
1203 2631 1366 2682 dixit:
1403 2635 1419 2662 ‘
1447 2635 1590 2683 cani-

527 2711 716 2768 turque
739 2705 904 2756 adbuc
928 2706 1177 2756 barbaras
1200 2708 1339 2772 apud
1363 2708 1587 2772 gentes!

523 2781 755 2831 Picum.

590 2857 748 2908 Forte
785 2865 958 2908 tamen
1001 2858 1086 2909 hic
1124 2866 1242 2911 sunt
1269 2860 1454 2911 eadem
1475 2873 1586 2911 car·

523 2933 682 2998 mina,
715 2944 808 2985 ant
840 2951 959 3000 pars
999 2937 1235 3001 quaedam
1280 2938 1588 3002 carminum,

524 3025 644 3076 quo
695 3011 962 3061 annalibus
1017 3012 1338 3063 canebantur
1363 3030 1378 3074 3
1445 3009 1586 3078 pars,

524 3087 636 3138 seit.
671 3089 842 3136 acrior
885 3095 941 3136 et
984 3089 1150 3151 magis
1187 3089 1398 3153 propria
1430 3089 1584 3151 belli;

524 3175 631 3226 qua
661 3161 868 3222 fortius,
897 3161 1008 3210 scil.
1046 3163 1464 3211 accenderentur
1481 3165 1586 3212 ani·

523 3237 596 3286 mi
611 3235 678 3285 ad
697 3236 880 3298 praelia
899 3235 1230 3299 capessenda.
1296 3235 1588 3300 Distinguit

523 3318 670 3362 certe
703 3311 946 3374 carmina,
981 3311 1163 3375 quibus
1201 3312 1460 3361 canebant
1482 3313 1592 3372 sor·

525 3391 647 3438 tiam
663 3389 872 3437 uirorum
892 3387 1076 3436 eximia
1092 3386 1344 3451 facinora,
1360 3402 1391 3437 a
1410 3389 1593 3439 carmi·

523 3463 927 3528 nibus,quornm
949 3471 1104 3512 cautu
1127 3476 1218 3512 seu
1242 3466 1410 3513 relatu
1430 3479 1590 3514 accen·

525 3543 644 3594 duat
663 3540 860 3590 animos.
923 3539 1028 3588 Sed
1051 3547 1269 3603 utraque
1307 3545 1478 3589 tamen
1509 3554 1590 3589 re·

525 3615 769 3666 serebant
789 3617 842 3666 in
866 3614 1154 3679 procinctu,
1175 3615 1270 3665 sed
1305 3629 1491 3666 sonore
1513 3615 1590 3667 di-

533 3705 700 3741 verso.

537 3799 548 3806 -
593 3773 613 3800 ¹·
634 3768 894 3817 Badiam
923 3767 1112 3830 mant]
1169 3767 1254 3817 Ita
1291 3768 1502 3817 Far-nes.
1533 3773 1592 3817 et

528 3842 638 3894 seio
683 3843 882 3892 Bardos
920 3843 1104 3892 Gallos
1149 3843 1318 3893 dictos
1353 3851 1592 3894 cantores

531 3918 640 3970 aive
687 3917 888 3980 poetas.
979 3917 1168 3968 Placet
1223 3927 1398 3968 tamen
1449 3933 1590 3970 nunc

527 3994 710 4057 magia,
731 3993 984 4044 Buritam:
1019 4007 1134 4058 quae
1167 4009 1310 4044 mera
1339 4009 1438 4044 vox
1475 4011 1592 4047 nos-

529 4077 654 4133 tras,
683 4069 888 4135 quibus.
905 4071 1068 4120 Bam
1105 4077 1198 4120 aut
1235 4071 1446 4133 Buerea,
1489 4073 1592 4121 cla·

529 4160 693 4209 mare,
714 4159 896 4196 vocem
926 4145 1132 4195 tollere.
1196 4147 1409 4197 Errabit
1429 4148 1590 4210 enlm,

533 4222 621 4289 qui
671 4221 740 4273 ab
773 4220 1063 4287 elephantis
1103 4221 1302 4274 barritu
1349 4221 1594 4290 deducet,

1736 2331 1990 2380 Bam-uum
2031 2330 2223 2394 οοσωιι]
2298 2327 2535 2378 Bari-itus
2585 2327 2732 2376 istius

1670 2412 1791 2469 post
1836 2406 2071 2455 Tacitum
2136 2403 2373 2454 meminit
2432 2401 2731 2453 Ammianus

1672 2481 2008 2531 Marcellinus
2051 2481 2185 2530 libro
2224 2492 2341 2528 xvr.
2378 2481 2395 2509 ‘
2421 2477 2635 2528 Cornuti
2676 2483 2735 2526 et

1672 2557 1917 2607 Braccati
1940 2571 2035 2606 nau
2060 2557 2353 2620 praeliorum
2377 2554 2623 2604 diuturno
2644 2552 2732 2602 fir-

1670 2635 1813 2695 mati,
1842 2647 1933 2682 eos
1950 2633 2059 2696 jam
2100 2637 2250 2694 gestu
2284 2635 2561 2693 terrentes,
2603 2629 2733 2678 Bar-

1670 2711 1825 2760 ritum
1866 2711 2037 2758 civere
2068 2709 2153 2757 vel
2174 2705 2487 2754 maximum:
2520 2704 2605 2767 qui
2630 2705 2734 2752 cla·

1666 2801 1778 2835 mor
1798 2785 1912 2849 ipso
1931 2783 2138 2834 fervore
2171 2780 2508 2831 certaminum
2533 2793 2566 2827 a
2587 2778 2734 2827 tenui

1668 2877 1877 2912 susurro
1914 2860 2151 2911 exoriens
2187 2856 2539 2922 paulatimque
2562 2854 2736 2904 adole-

1668 2953 1836 3000 scens,
1872 2937 1977 2986 ritu
2001 2935 2269 2986 extollitur
2286 2931 2540 2982 fluctuum
2574 2930 2739 2981 cauti-

1669 3015 1766 3064 bus
1801 3011 2087 3063 illisorum!
2155 3009 2403 3073 Artolphi
2423 3008 2561 3058 liber
2580 3006 2736 3056 babe-

1667 3093 1756 3141 bat
1776 3089 2054 3151 Barditam‚
2068 3087 2233 3136 veluti
2254 3086 2325 3133 sit
2347 3099 2377 3132 a
2400 3083 2595 3145 verbis,
2618 3075 2735 3146 uum

1668 3164 1916 3214 Germani
1939 3163 2078 3213 Wort
2096 3161 2381 3224 appellant,
2403 3163 2625 3208 tractum
2650 3173 2736 3207 vo-

1670 3239 1925 3289 cabulum.
1971 3236 2245 3285 Rhenanus.
2456 3277 2463 3284 ,

1735 3313 1984 3367 Quamvis
2022 3313 2215 3361 Barda
2248 3307 2422 3360 Nonio
2478 3314 2534 3358 et
2570 3309 2734 3358 Festo

1671 3391 1759 3452 sit,
1778 3389 1969 3451 ingenio
1997 3389 2163 3436 tardas
2175 3403 2197 3446 ‚-
2228 3384 2552 3434 nibilominus
2574 3383 2736 3433 Bardi

1668 3469 1807 3516 inter
1828 3465 2033 3527 Gallos,
2064 3462 2295 3512 homines
2317 3459 2483 3523 fuere,
2506 3459 2595 3524 qui
2629 3457 2736 3507 for-

1672 3543 1745 3593 tia
1784 3541 2057 3592 illustrium
2079 3538 2305 3587 virorum
2328 3533 2489 3598 facta,
2510 3533 2735 3583 heroicis

1671 3618 1959 3682 composita
2008 3613 2264 3676 versibus,
2334 3625 2453 3660 cnm
2502 3607 2737 3659 dulcibus

1672 3697 1801 3760 lyrae
1824 3694 2040 3745 modulis
2064 3689 2395 3742 cantitarent.
2452 3683 2635 3750 Harpa
2656 3686 2735 3734 nsi

1672 3773 1857 3834 Bardi,
1898 3784 2014 3836 quae
2054 3769 2181 3832 lyra!
2226 3765 2335 3814 fere
2356 3763 2555 3826 similis,
2596 3769 2735 3813 teste

1676 3847 1837 3898 Diod.
1862 3845 2020 3894 Sicul.

1738 3921 1915 3972 Coesar
1938 3921 2079 3970 Gall.
2102 3931 2201 3968 vn.
2221 3917 2237 3945 ‘
2265 3917 2461 3967 Hostes
2500 3916 2737 3967 commit·

1674 4006 1793 4050 tunt
1832 3997 2091 4062 praelium,
2152 3995 2458 4060 [utrimque]
2508 3995 2734 4045 clamore

1672 4075 1912 4134 sublat03
1944 4071 2207 4137 excipitur
2248 4086 2423 4121 rursus
2466 4085 2534 4120 ex
2575 4071 2733 4132 vallo,

1669 4156 1827 4216 atque
1848 4149 2084 4200 omnibus
2112 4147 2487 4199 munitionibus·
2510 4146 2737 4196 clamor!

1670 4227 1881 4282 Hirtius
1903 4228 1969 4277 de
1988 4227 2139 4278 Bello
2162 4225 2427 4291 Hispano:
2463 4226 2479 4254 ⁴
2502 4225 2612 4274 Hie
2634 4221 2734 4272 etsi
