3175 4934
589 374 768 449 8⁵92

1295 400 1361 447 G·
1417 400 1615 448 com<
1628 400 1779 448 3121!
1830 397 2091 450 “facim

591 542 910 627 optimum
937 540 1007 605 in
1036 544 1393 627 praesentia
1421 547 1674 623 statuit,
1707 562 2017 630 reponere
2056 544 2301 626 odium,
2332 534 2543 613 donec
2586 546 2807 633 impe-

589 648 698 711 tun
725 645 921 711 famae
967 655 1035 711 et
1077 648 1266 712 favor
1313 649 1647 712 exercitus
1690 648 2171 731 languesceret:
2218 668 2372 713 nam
2402 650 2602 714 etiam
2627 650 2807 714 tum⁸

588 746 907 831 Agricola
940 748 1350 815 Britanniam
1380 750 1739 815 obtinebat.

673 851 783 917 40.
831 850 1040 933 Igitur
1097 858 1118 886 ‘
1149 844 1576 936 triumphalia
1626 858 2042 919 omamenta¹¹
2098 859 2165 918 et
2210 852 2487 918 illustris
2542 858 2805 917 statnae

577 1032 738 1093 festus
769 1037 854 1080 aut
872 1034 1100 1097 expletus,
1119 1032 1419 1083 utilissimum
1441 1047 1554 1083 esse
1576 1033 1819 1093 judicavit
1851 1034 1914 1081 ad
1931 1048 2156 1095 presens,
2175 1034 2300 1083 iram
2320 1038 2368 1082 et
2385 1033 2614 1083 invidiam
2632 1048 2811 1083 recon-

587 1098 716 1159 dere,
737 1098 878 1145 donec
899 1099 1038 1146 ardor
1047 1096 1200 1157 famer
1217 1102 1265 1147 et
1284 1098 1492 1147 studium
1509 1099 1717 1147 militnm
1732 1102 1987 1147 maceret
2001 1116 2017 1147 .·
2050 1098 2222 1161 quippe
2254 1098 2399 1148 etiem
2419 1103 2525 1147 trun
2545 1098 2806 1161 temporis

589 1161 816 1225 Agricola
841 1161 1151 1211 Britanniam
1171 1161 1375 1213 tenebam

651 1226 818 1288 Igitur
853 1227 904 1275 ia
937 1232 1104 1275 senatu
1134 1229 1322 1277 decerni
1359 1225 1621 1291 Agricolae
1644 1226 1802 1291 jubet,
1832 1225 2055 1291 insignia
2092 1225 2441 1293 triumphalia,
2481 1232 2538 1275 et
2576 1225 2807 1277 illustris

1509 1368 1534 1387 0
1538 1370 1566 1389 O
1571 1366 1805 1388 “0090“
1809 1366 1869 1387 Η

585 1470 676 1521 liu·
698 1468 936 1521 omissum
959 1470 1120 1521 vellet
1141 1470 1508 1532 Ernestua—rs
1541 1469 1727 1523 Mallet
1750 1470 2021 1533 Ernestus,
2042 1468 2317 1521 etiosam.

1579 1614 1803 1667 NOTAE

585 1740 970 1804 meditationis3
1006 1742 1120 1794 scil.
1157 1744 1208 1793 in
1231 1760 1376 1811 quos,
1415 1750 1507 1795 aut
1544 1760 1648 1810 qua

585 1818 788 1868 ratione
843 1819 959 1868 talis
1009 1821 1212 1870 saevitia
1269 1828 1647 1886 prorumperet.

585 1890 766 1945 Habes
789 1894 900 1945 fere
924 1894 1099 1946 similis
1121 1898 1328 1947 insaniat
1352 1898 1648 1962 exemplum

585 1971 723 2035 apud
749 1970 1054 2021 Pausaniam
1079 1974 1129 2022 in
1155 1972 1386 2024 Corinth.
1411 1974 1476 2023 de
1499 1974 1648 2023 1³11ae-

585 2040 707 2095 ἆται
743 2043 1029 2097 ‘Adhaeret
1071 2050 1306 2099 maceriae
1346 2056 1496 2113 septo
1534 2064 1647 2098 cur·

585 2118 736 2172 rlcnli
760 2124 868 2187 ejus
893 2138 1029 2188 pars,
1066 2126 1201 2191 quod
1224 2126 1503 2189 Hippolyti
1524 2140 1648 2175 nun-

585 2207 810 2263 cupant:
836 2214 1092 2265 supraque
1111 2202 1277 2265 ipsum
1295 2202 1510 2250 Veneris
1533 2215 1646 2264 spe-

585 2276 848 2327 culatricis
869 2277 1158 2340 delubrum,
1177 2276 1312 2326 unde
1333 2278 1648 2327 descendeu-

583 2354 690 2400 tem
715 2351 1102 2401 exercitationis
1124 2368 1278 2403 causa
1301 2352 1647 2417 Hippolytum

581 2428 635 2479 iu
661 2428 884 2478 stadium
923 2430 1221 2479 intuebatur
1245 2430 1483 2481 Phaedra.
1551 2432 1647 2481 Est

581 2504 686 2567 hic,
709 2511 767 2554 ut
787 2512 942 2554 antea
964 2506 1167 2569 scripsi,
1189 2506 1395 2569 Myrtus
1420 2506 1508 2555 illa
1530 2520 1645 2570 per-

583 2582 863 2631 terebratis
897 2580 1055 2644 foliis,
1077 2582 1215 2645 quod
1255 2596 1430 2630 tunore
1467 2580 1646 2631 furens

581 2650 823 2717 Phaedra,
860 2670 976 2705 cum
1016 2658 1208 2705 nullum
1250 2657 1483 2720 cupidini
1511 2658 1647 2706 leva-

581 2737 810 2781 mentum
841 2731 1119 2792 inveniret‚
1141 2731 1325 2781 crinali
1363 2746 1462 2781 acu
1496 2732 1644 2797 hujus

580 2800 739 2869 fflyrti
778 2805 903 2855 folia
926 2806 1253 2872 transfigens,
1275 2807 1524 2859 insaniam
1563 2824 1645 2859 su-

583 2886 664 2932 a‘m
691 2882 1045 2932 exonerabat!

647 2958 841 3009 Secreto
861 2958 968 3021 suo]
1037 2959 1231 3008 Notum
1257 2965 1340 3009 est
1362 2974 1428 3009 ex
1461 2960 1645 3009 Sueto·

579 3034 687 3099 nio,
711 3037 882 3086 Dione
903 3038 1100 3099 Cassio,
1122 3036 1334 3087 Aurelio
1355 3036 1569 3086 Victore
1593 3044 1647 3087 et

580 3112 711 3174 aliis,
751 3113 1039 3163 Domitiani
1082 3118 1340 3162 secretum
1383 3114 1647 3175 lam-orium,

577 3188 632 3239 i'n
672 3204 774 3253 quo
813 3188 938 3237 nihil
989 3188 1207 3250 amplius
1247 3202 1400 3252 quam
1437 3204 1642 3237 muscas

579 3264 900 3327 contigebat:
937 3262 1070 3310 unde
1096 3261 1300 3311 cuidam
1325 3263 1643 3327 interrogan-

579 3340 640 3401 ti,
671 3342 686 3367 ‘
706 3345 913 3388 essetne
933 3338 1047 3402 quis
1081 3338 1220 3385 intus
1245 3352 1362 3386 cum
1387 3340 1593 3389 Caesare
1608 3338 1645 3388 θ’

575 3412 682 3465 non
705 3414 927 3464 absurde
951 3426 1249 3477 responsum
1273 3429 1304 3463 a
1326 3414 1484 3463 Vibio
1509 3414 1643 3464 Cris-

577 3505 666 3556 po,
715 3491 730 3517 ‘
750 3505 813 3539 ne
855 3504 1029 3539 musca
1074 3489 1284 3555 quidem
1301 3489 1336 3539 ι’
1380 3496 1439 3539 ut
1480 3489 1644 3541 refert

577 3568 874 3619 Suetonius.
1185 3588 1190 3593 ·

641 3646 778 3696 Nam
803 3648 946 3695 Sext.
971 3645 1102 3695 Aur.
1127 3646 1312 3695 Victor
1335 3660 1639 3710 responsum

573 3724 674 3792 boc
698 3727 772 3773 ita
796 3724 1025 3789 profert:
1064 3726 1079 3753 ⁴
1105 3724 1189 3774 Ne
1213 3738 1387 3773 musca
1411 3724 1639 3789 quidem,

575 3798 676 3847 nisi
714 3798 850 3848 forte
885 3801 936 3849 in
969 3794 1260 3863 palaestra?
1296 3799 1380 3848 ubi
1397 3798 1550 3863 jocus
1572 3814 1639 3848 ex

574 3873 817 3937 ambiguo
839 3890 869 3924 a
895 3876 1141 3939 palaestra
1163 3874 1302 3925 foeda
1327 3876 1638 3937 Domitiani,

573 3947 628 3997 in
647 3950 947 4013 palaestram
969 3950 1305 4014 γυμναστικὴν,
1326 3959 1382 4000 ut
1402 3951 1638 4014 pluribus

575 4022 730 4074 docet
762 4026 1018 4089 ,Iosephus
1039 4026 1270 4089 Scaliger
1298 4024 1637 4075 Animadver-

573 4100 626 4171 in
645 4100 955 4151 Chronicon.
985 4100 1306 4167 Hieronymi.
1347 4100 1637 4162 Vir-dangu.

638 4178 831 4229 Secreto
873 4179 982 4243 suo]
1038 4178 1196 4232 Quod
1235 4190 1353 4227 raro
1391 4178 1442 4226 in
1480 4174 1638 4226 decus

573 4252 982 4319 imperitantium
1027 4254 1204 4319 vertit,
1248 4266 1389 4319 sepe
1430 4252 1484 4303 ln
1532 4253 1640 4304 exi-

1728 1744 1877 1793 tium.
1942 1744 2143 1807 Paneg.
2188 1742 2401 1792 Nazarii
2451 1740 2803 1792 Constantino

1729 1819 1855 1871 dict.
1878 1821 1895 1847 ‘
1920 1820 2232 1869 Existimare
2258 1816 2466 1883 quidem
2501 1818 2570 1868 de
2606 1816 2802 1883 princi·

1728 1894 1883 1959 pibus
1922 1894 2115 1943 nemini
2160 1892 2239 1943 fas
2282 1899 2379 1942 est.
2456 1890 2598 1943 Nam
2646 1902 2707 1943 et
2746 1894 2801 1942 in

1730 1969 1987 2019 vestibulo
2031 1984 2125 2018 suo
2178 1968 2527 2033 inquirentem
2582 1968 2803 2031 repellit

1728 2047 1955 2113 objecta·
1976 2047 2280 2108 venerati03
2315 2052 2371 2095 et
2405 2046 2447 2094 si
2470 2044 2557 2111 qui
2579 2046 2803 2109 propius
2884 2046 2889 2051 “

1728 2123 1987 2183 adierunt,
2046 2122 2184 2187 quod
2231 2124 2391 2173 oculis
2432 2122 2489 2171 in
2532 2122 2695 2171 solem
2744 2136 2803 2172 se

1727 2197 2161 2248 contendentibus
2234 2198 2427 2257 evenit,
2494 2196 2804 2261 praestricta

1728 2274 1855 2337 acie,
1910 2273 2124 2323 videndi
2178 2274 2434 2325 facultate
2497 2280 2805 2325 caruerunt.

1726 2350 1921 2400 Verum
1954 2356 2013 2399 tu
2048 2349 2194 2415 facis,
2226 2351 2521 2416 principum
2552 2352 2805 2413 maxime,

1727 2434 1788 2477 ut
1826 2434 2009 2493 patere
2048 2427 2347 2491 videantur,
2373 2442 2489 2493 quae
2525 2427 2669 2491 prius
2712 2428 2806 2477 ob-

1727 2510 1927 2553 structa
1949 2502 2187 2564 fuerant3
2224 2503 2313 2567 qui
2336 2510 2442 2550 tam
2474 2508 2628 2566 optas
2653 2509 2802 2551 totus

1726 2581 1912 2645 videri,
1936 2586 2089 2647 quam'
2122 2582 2286 2631 ceteri
2305 2578 2617 2631 recusabant
2642 2597 2655 2630 z
2692 2592 2801 2629 non

1729 2664 1902 2707 terror
1938 2658 2175 2708 obtentui
2211 2666 2311 2721 est,
2332 2671 2429 2705 nec
2457 2654 2803 2720 occultandis,

1727 2747 1843 2797 quae
1888 2734 2195 2799 plerumque
2249 2734 2570 2783 extrinsecus
2606 2732 2802 2795 latent,

1726 2808 2140 2875 demorandoque
2216 2816 2431 2873 aspectu
2510 2807 2803 2859 ostentatio

1726 2886 1965 2949 speciosa
1986 2884 2305 2949 perhibetur.
2372 2882 2606 2933 Obtut‘us
2636 2883 2803 2933 horni-

1726 2974 1846 3009 num
1878 2962 2126 3025 benignos
2169 2966 2429 3023 receptas,
2461 2974 2560 3009 nec
2594 2960 2803 3010 intuen-

1727 3042 1835 3087 tem
1858 3038 2060 3102 iniquus
2080 3034 2250 3101 fulgor
2274 3037 2538 3097 retundit3
2572 3036 2641 3085 ad
2660 3050 2799 3087 sere-

1726 3126 1849 3163 num
1870 3114 2041 3161 lumen
2068 3111 2294 3163 invitat?
2356 3114 2553 3177 Paneg.
2587 3114 2797 3166 Theoti.

1722 3188 1906 3240 ‘Quos
1950 3187 2133 3252 loquar
2190 3188 2564 3251 [dominantes]
2609 3198 2799 3240 notum

1723 3271 1825 3329 est,
1857 3266 1943 3329 qui
1970 3265 2305 3329 majestatem
2340 3265 2536 3329 regiam
2558 3264 2799 3315 imminui

1724 3352 1779 3395 et
1821 3344 2020 3409 vulgari
2064 3344 2340 3408 putabant,
2377 3344 2475 3392 nisi
2522 3359 2611 3393 eos
2655 3345 2798 3395 intra

1722 3424 2001 3486 repositum
2046 3422 2304 3473 Palatinae
2360 3422 2487 3471 aedis
2549 3422 2798 3485 inclusos,

1722 3504 1967 3563 tanquam
2022 3498 2230 3563 aliquod
2276 3498 2485 3547 Vestale
2532 3506 2793 3549 secretum

1720 3576 1987 3625 veneratio
2040 3576 2247 3626 occulta
2286 3572 2647 3635 consuluisset,
2686 3572 2796 3623 nisi

1718 3650 1857 3699 intra
1897 3650 2231 3701 domesticam
2288 3650 2517 3698 umbram
2549 3649 2792 3713 jacentes

1720 3724 1945 3774 solitudo
1970 3724 2189 3789 provisa,
2210 3734 2265 3775 et
2299 3724 2509 3773 silentia
2542 3726 2645 3772 late
2667 3736 2793 3771 con·

1720 3800 1893 3849 ciliata
1914 3801 2209 3850 vallassent.
2280 3801 2417 3852 Quin
2439 3800 2479 3847 si
2502 3798 2710 3864 quando
2734 3798 2789 3846 in

1718 3876 1885 3925 lucem
1929 3876 2107 3936 venire
2146 3883 2201 3927 et
2242 3877 2378 3925 diem
2419 3876 2554 3923 ferre
2596 3872 2793 3937 potuis·

1719 3958 1855 4013 sent,
1890 3952 2107 4013 lecticis,
2131 3952 2423 4015 thensisque
2446 3948 2703 4009 subvecti,
2730 3953 2791 3997 et

1720 4025 2019 4075 densissima
2042 4028 2232 4077 citcum
2257 4042 2513 4090 supraque
2546 4023 2789 4089 cooperti

1720 4094 1945 4150 <litorum
1984 4116 2337 4165 armorumque
2371 4102 2651 4163 testudine,
2676 4104 2791 4150 sen}

1719 4178 1812 4225 sim
1838 4184 1993 4241 atque
2017 4178 2079 4226 ad
2103 4189 2373 4227 numerum
2407 4180 2785 4225 movebantur-z

1714 4256 1827 4303 tum
1868 4254 2021 4319 longe
2060 4254 2281 4319 populus
2323 4252 2651 4318 abigebatur,
2682 4266 2785 4303 nee
