<?xml version="1.0" encoding="UTF-8"?>
<!DOCTYPE html PUBLIC "-//W3C//DTD XHTML 1.0 Transitional//EN"
    "http://www.w3.org/TR/xhtml1/DTD/xhtml1-transitional.dtd">
<html xmlns="http://www.w3.org/1999/xhtml" xml:lang="en" lang="en">
 <head>
  <title>
</title>
<meta http-equiv="Content-Type" content="text/html;charset=utf-8" />
  <meta name='ocr-system' content='tesseract 3.04.00' />
  <meta name='ocr-capabilities' content='ocr_page ocr_carea ocr_par ocr_line ocrx_word'/>
</head>
<body>
  <div class='ocr_page' id='page_1' title='image "./operaomnia11tacigoog_0414.png"; bbox 0 0 3175 4934; ppageno 0'>
   <div class='ocr_carea' id='block_1_1' title="bbox 1400 319 2028 372">
    <p class='ocr_par' dir='ltr' id='par_1_1' title="bbox 1400 319 2028 372">
     <span class='ocr_line' id='line_1_1' title="bbox 1400 319 2028 372; baseline -0.003 0"><span class='ocrx_word' id='word_1_1' title='bbox 1400 322 1500 372; x_wconf 76' lang='lat' dir='ltr'><strong>1)ss</strong></span> <span class='ocrx_word' id='word_1_2' title='bbox 1546 319 2028 372; x_wconf 73' lang='lat' dir='ltr'><strong>onA&#39;romaUs</strong></span> 
     </span>
    </p>
   </div>
   <div class='ocr_carea' id='block_1_2' title="bbox 1603 569 1820 620">
    <p class='ocr_par' dir='ltr' id='par_1_2' title="bbox 1603 569 1820 620">
     <span class='ocr_line' id='line_1_2' title="bbox 1603 569 1820 620; baseline 0 0"><span class='ocrx_word' id='word_1_3' title='bbox 1603 569 1820 620; x_wconf 71' lang='lat' dir='ltr'><strong>Nom-2</strong></span> 
     </span>
    </p>
   </div>
   <div class='ocr_carea' id='block_1_3' title="bbox 606 681 1685 2562">
    <p class='ocr_par' dir='ltr' id='par_1_3' title="bbox 606 681 1685 2562">
     <span class='ocr_line' id='line_1_3' title="bbox 611 681 1678 748; baseline -0.006 -9"><span class='ocrx_word' id='word_1_4' title='bbox 611 684 831 748; x_wconf 80' lang='lat' dir='ltr'><strong>audivit,</strong></span> <span class='ocrx_word' id='word_1_5' title='bbox 853 684 967 748; x_wconf 84' lang='lat' dir='ltr'><strong>jam</strong></span> <span class='ocrx_word' id='word_1_6' title='bbox 988 687 1047 734; x_wconf 87' lang='lat' dir='ltr'><strong>tu</strong></span> <span class='ocrx_word' id='word_1_7' title='bbox 1070 687 1157 734; x_wconf 75' lang='grc'><strong>60.</strong></span> <span class='ocrx_word' id='word_1_8' title='bbox 1193 697 1357 732; x_wconf 84' lang='lat' dir='ltr'><strong>annos</strong></span> <span class='ocrx_word' id='word_1_9' title='bbox 1380 689 1503 732; x_wconf 86' lang='lat' dir='ltr'><strong>ante</strong></span> <span class='ocrx_word' id='word_1_10' title='bbox 1524 681 1678 734; x_wconf 82' lang='lat' dir='ltr'><strong>Taci-</strong></span> 
     </span>
     <span class='ocr_line' id='line_1_4' title="bbox 606 758 1674 826; baseline -0.006 -11"><span class='ocrx_word' id='word_1_11' title='bbox 606 769 745 826; x_wconf 75' lang='lat' dir='ltr'><strong>tum,</strong></span> <span class='ocrx_word' id='word_1_12' title='bbox 764 765 1067 824; x_wconf 86' lang='lat' dir='ltr'><strong>computare</strong></span> <span class='ocrx_word' id='word_1_13' title='bbox 1092 761 1273 824; x_wconf 83' lang='lat' dir='ltr'><strong>possis.</strong></span> <span class='ocrx_word' id='word_1_14' title='bbox 1338 761 1513 812; x_wconf 80' lang='lat' dir='ltr'><strong>Quare</strong></span> <span class='ocrx_word' id='word_1_15' title='bbox 1536 758 1674 810; x_wconf 81' lang='lat' dir='ltr'><strong>forte</strong></span> 
     </span>
     <span class='ocr_line' id='line_1_5' title="bbox 611 835 1677 903; baseline -0.005 -16"><span class='ocrx_word' id='word_1_16' title='bbox 611 846 669 892; x_wconf 83' lang='lat' dir='ltr'><strong>et</strong></span> <span class='ocrx_word' id='word_1_17' title='bbox 714 835 1053 903; x_wconf 82' lang='lat' dir='ltr'><strong>profluentior</strong></span> <span class='ocrx_word' id='word_1_18' title='bbox 1096 837 1206 886; x_wconf 64' lang='lat' dir='ltr'><strong>bec</strong></span> <span class='ocrx_word' id='word_1_19' title='bbox 1246 837 1543 898; x_wconf 71' lang='lat' dir='ltr'>eloquentia</span> <span class='ocrx_word' id='word_1_20' title='bbox 1578 843 1677 895; x_wconf 83' lang='lat' dir='ltr'><strong>est,</strong></span> 
     </span>
     <span class='ocr_line' id='line_1_6' title="bbox 613 912 1673 981; baseline -0.005 -17"><span class='ocrx_word' id='word_1_21' title='bbox 613 929 769 981; x_wconf 85' lang='lat' dir='ltr'><strong>quam</strong></span> <span class='ocrx_word' id='word_1_22' title='bbox 802 919 864 962; x_wconf 92' lang='lat' dir='ltr'><strong>ut</strong></span> <span class='ocrx_word' id='word_1_23' title='bbox 896 912 1063 963; x_wconf 83' lang='lat' dir='ltr'><strong>Taciti</strong></span> <span class='ocrx_word' id='word_1_24' title='bbox 1104 926 1217 960; x_wconf 69' lang='lat' dir='ltr'><strong>sevo</strong></span> <span class='ocrx_word' id='word_1_25' title='bbox 1254 913 1379 960; x_wconf 84' lang='lat' dir='ltr'><strong>satis</strong></span> <span class='ocrx_word' id='word_1_26' title='bbox 1401 918 1673 975; x_wconf 75' lang='lat' dir='ltr'><strong>congruat.</strong></span> 
     </span>
     <span class='ocr_line' id='line_1_7' title="bbox 612 987 1674 1052; baseline -0.008 -8"><span class='ocrx_word' id='word_1_27' title='bbox 612 993 690 1044; x_wconf 82' lang='lat' dir='ltr'><strong>At</strong></span> <span class='ocrx_word' id='word_1_28' title='bbox 720 1006 821 1044; x_wconf 89' lang='lat' dir='ltr'><strong>non</strong></span> <span class='ocrx_word' id='word_1_29' title='bbox 843 991 1006 1040; x_wconf 86' lang='lat' dir='ltr'><strong>solum</strong></span> <span class='ocrx_word' id='word_1_30' title='bbox 1031 989 1188 1039; x_wconf 82' lang='lat' dir='ltr'><strong>verba</strong></span> <span class='ocrx_word' id='word_1_31' title='bbox 1212 996 1301 1038; x_wconf 89' lang='lat' dir='ltr'><strong>aut</strong></span> <span class='ocrx_word' id='word_1_32' title='bbox 1321 990 1552 1052; x_wconf 79' lang='lat' dir='ltr'><strong>phrases,</strong></span> <span class='ocrx_word' id='word_1_33' title='bbox 1580 987 1674 1037; x_wconf 85' lang='lat' dir='ltr'><strong>sed</strong></span> 
     </span>
     <span class='ocr_line' id='line_1_8' title="bbox 612 1065 1677 1127; baseline -0.009 -7"><span class='ocrx_word' id='word_1_34' title='bbox 612 1075 671 1120; x_wconf 83' lang='lat' dir='ltr'><strong>et</strong></span> <span class='ocrx_word' id='word_1_35' title='bbox 708 1082 793 1118; x_wconf 82' lang='lat' dir='ltr'><strong>res</strong></span> <span class='ocrx_word' id='word_1_36' title='bbox 831 1067 1011 1116; x_wconf 72' lang='lat' dir='ltr'><strong>multae</strong></span> <span class='ocrx_word' id='word_1_37' title='bbox 1050 1065 1134 1115; x_wconf 86' lang='lat' dir='ltr'><strong>hic</strong></span> <span class='ocrx_word' id='word_1_38' title='bbox 1180 1070 1505 1121; x_wconf 81' lang='lat' dir='ltr'><strong>enarrantur,</strong></span> <span class='ocrx_word' id='word_1_39' title='bbox 1550 1077 1677 1127; x_wconf 84' lang='lat' dir='ltr'><strong>quas</strong></span> 
     </span>
     <span class='ocr_line' id='line_1_9' title="bbox 610 1140 1678 1204; baseline -0.008 -8"><span class='ocrx_word' id='word_1_40' title='bbox 610 1143 823 1196; x_wconf 65' lang='lat' dir='ltr'><strong>easdem</strong></span> <span class='ocrx_word' id='word_1_41' title='bbox 854 1151 909 1192; x_wconf 85' lang='lat' dir='ltr'><strong>et</strong></span> <span class='ocrx_word' id='word_1_42' title='bbox 951 1140 1086 1204; x_wconf 87' lang='lat' dir='ltr'><strong>apud</strong></span> <span class='ocrx_word' id='word_1_43' title='bbox 1110 1141 1343 1189; x_wconf 72' lang='lat' dir='ltr'><strong>Tacitum</strong></span> <span class='ocrx_word' id='word_1_44' title='bbox 1384 1141 1539 1200; x_wconf 76' lang='lat' dir='ltr'><strong>legas.</strong></span> <span class='ocrx_word' id='word_1_45' title='bbox 1607 1140 1678 1188; x_wconf 81' lang='lat' dir='ltr'><strong>Et</strong></span> 
     </span>
     <span class='ocr_line' id='line_1_10' title="bbox 614 1215 1678 1285; baseline -0.006 -15"><span class='ocrx_word' id='word_1_46' title='bbox 614 1219 796 1285; x_wconf 82' lang='lat' dir='ltr'><strong>quidni</strong></span> <span class='ocrx_word' id='word_1_47' title='bbox 829 1218 895 1267; x_wconf 90' lang='lat' dir='ltr'><strong>de</strong></span> <span class='ocrx_word' id='word_1_48' title='bbox 931 1217 1114 1266; x_wconf 88' lang='lat' dir='ltr'><strong>iisdem</strong></span> <span class='ocrx_word' id='word_1_49' title='bbox 1151 1216 1301 1265; x_wconf 87' lang='lat' dir='ltr'><strong>rebus</strong></span> <span class='ocrx_word' id='word_1_50' title='bbox 1344 1215 1539 1264; x_wconf 83' lang='lat' dir='ltr'><strong>diversi</strong></span> <span class='ocrx_word' id='word_1_51' title='bbox 1559 1230 1678 1264; x_wconf 79' lang='lat' dir='ltr'><strong>auc-</strong></span> 
     </span>
     <span class='ocr_line' id='line_1_11' title="bbox 612 1290 1679 1356; baseline -0.008 -9"><span class='ocrx_word' id='word_1_52' title='bbox 612 1301 756 1347; x_wconf 82' lang='lat' dir='ltr'><strong>tores</strong></span> <span class='ocrx_word' id='word_1_53' title='bbox 794 1309 887 1344; x_wconf 86' lang='lat' dir='ltr'><strong>suo</strong></span> <span class='ocrx_word' id='word_1_54' title='bbox 916 1293 1069 1343; x_wconf 88' lang='lat' dir='ltr'><strong>modo</strong></span> <span class='ocrx_word' id='word_1_55' title='bbox 1091 1291 1379 1341; x_wconf 86' lang='lat' dir='ltr'><strong>disserant?</strong></span> <span class='ocrx_word' id='word_1_56' title='bbox 1426 1290 1550 1356; x_wconf 87' lang='lat' dir='ltr'><strong>quid</strong></span> <span class='ocrx_word' id='word_1_57' title='bbox 1586 1291 1679 1338; x_wconf 86' lang='lat' dir='ltr'><strong>mi·</strong></span> 
     </span>
     <span class='ocr_line' id='line_1_12' title="bbox 615 1367 1679 1432; baseline -0.008 -8"><span class='ocrx_word' id='word_1_58' title='bbox 615 1374 769 1424; x_wconf 74' lang='lat' dir='ltr'><strong>mm?</strong></span> <span class='ocrx_word' id='word_1_59' title='bbox 806 1369 939 1420; x_wconf 75' lang='lat' dir='ltr'><strong>Hoec</strong></span> <span class='ocrx_word' id='word_1_60' title='bbox 964 1385 1011 1420; x_wconf 78' lang='lat' dir='ltr'><strong>v.</strong></span> <span class='ocrx_word' id='word_1_61' title='bbox 1054 1383 1101 1432; x_wconf 73' lang='lat' dir='ltr'><strong>g.</strong></span> <span class='ocrx_word' id='word_1_62' title='bbox 1141 1369 1350 1432; x_wconf 73' lang='lat' dir='ltr'><strong>dialogi,</strong></span> <span class='ocrx_word' id='word_1_63' title='bbox 1392 1370 1407 1395; x_wconf 93' lang='lat'>‘</span> <span class='ocrx_word' id='word_1_64' title='bbox 1434 1367 1679 1416; x_wconf 73' lang='lat' dir='ltr'><strong>Lucrosae</strong></span> 
     </span>
     <span class='ocr_line' id='line_1_13' title="bbox 612 1443 1682 1512; baseline -0.007 -13"><span class='ocrx_word' id='word_1_65' title='bbox 612 1447 767 1512; x_wconf 81' lang='lat' dir='ltr'><strong>hujus</strong></span> <span class='ocrx_word' id='word_1_66' title='bbox 788 1455 841 1495; x_wconf 88' lang='lat' dir='ltr'><strong>et</strong></span> <span class='ocrx_word' id='word_1_67' title='bbox 862 1444 1212 1508; x_wconf 78' lang='lat' dir='ltr'><strong>sanguinantis</strong></span> <span class='ocrx_word' id='word_1_68' title='bbox 1235 1443 1541 1508; x_wconf 77' lang='lat' dir='ltr'><strong>eloquentia·</strong></span> <span class='ocrx_word' id='word_1_69' title='bbox 1562 1456 1682 1492; x_wconf 86' lang='lat' dir='ltr'><strong>usus</strong></span> 
     </span>
     <span class='ocr_line' id='line_1_14' title="bbox 615 1519 1681 1580; baseline -0.008 -5"><span class='ocrx_word' id='word_1_70' title='bbox 615 1529 673 1574; x_wconf 88' lang='lat' dir='ltr'><strong>et</strong></span> <span class='ocrx_word' id='word_1_71' title='bbox 693 1539 723 1573; x_wconf 89' lang='lat' dir='ltr'><strong>e</strong></span> <span class='ocrx_word' id='word_1_72' title='bbox 745 1523 895 1572; x_wconf 84' lang='lat' dir='ltr'><strong>malis</strong></span> <span class='ocrx_word' id='word_1_73' title='bbox 936 1520 1161 1570; x_wconf 86' lang='lat' dir='ltr'><strong>moribus</strong></span> <span class='ocrx_word' id='word_1_74' title='bbox 1200 1519 1386 1570; x_wconf 60' lang='lat' dir='ltr'><strong>natus?</strong></span> <span class='ocrx_word' id='word_1_75' title='bbox 1453 1521 1523 1568; x_wconf 87' lang='lat' dir='ltr'><strong>Et</strong></span> <span class='ocrx_word' id='word_1_76' title='bbox 1544 1519 1681 1580; x_wconf 83' lang='lat' dir='ltr'><strong>haec,</strong></span> 
     </span>
     <span class='ocr_line' id='line_1_15' title="bbox 615 1594 1680 1658; baseline -0.008 -8"><span class='ocrx_word' id='word_1_77' title='bbox 615 1603 633 1629; x_wconf 86' lang='lat'>‘</span> <span class='ocrx_word' id='word_1_78' title='bbox 659 1600 794 1649; x_wconf 86' lang='lat' dir='ltr'><strong>Nam</strong></span> <span class='ocrx_word' id='word_1_79' title='bbox 819 1597 1034 1658; x_wconf 86' lang='lat' dir='ltr'><strong>Crispus</strong></span> <span class='ocrx_word' id='word_1_80' title='bbox 1057 1601 1112 1644; x_wconf 88' lang='lat' dir='ltr'><strong>et</strong></span> <span class='ocrx_word' id='word_1_81' title='bbox 1142 1595 1427 1644; x_wconf 73' lang='lat' dir='ltr'>Marcellus</span> <span class='ocrx_word' id='word_1_82' title='bbox 1446 1628 1459 1643; x_wconf 89' lang='lat'><strong>.</strong></span> <span class='ocrx_word' id='word_1_83' title='bbox 1483 1627 1497 1645; x_wconf 87' lang='lat'><strong><em>.</em></strong></span> <span class='ocrx_word' id='word_1_84' title='bbox 1517 1631 1530 1644; x_wconf 90' lang='lat'>.</span> <span class='ocrx_word' id='word_1_85' title='bbox 1554 1594 1680 1658; x_wconf 84' lang='lat' dir='ltr'><strong>quid</strong></span> 
     </span>
     <span class='ocr_line' id='line_1_16' title="bbox 613 1668 1680 1734; baseline -0.007 -10"><span class='ocrx_word' id='word_1_86' title='bbox 613 1673 883 1724; x_wconf 82' lang='lat' dir='ltr'><strong>babentin</strong></span> <span class='ocrx_word' id='word_1_87' title='bbox 910 1672 1005 1720; x_wconf 88' lang='lat' dir='ltr'><strong>hac</strong></span> <span class='ocrx_word' id='word_1_88' title='bbox 1038 1670 1283 1734; x_wconf 64' lang='lat' dir='ltr'><strong>prasenti</strong></span> <span class='ocrx_word' id='word_1_89' title='bbox 1317 1668 1525 1718; x_wconf 80' lang='lat' dir='ltr'><strong>fortuna</strong></span> <span class='ocrx_word' id='word_1_90' title='bbox 1560 1683 1680 1718; x_wconf 84' lang='lat' dir='ltr'><strong>con·</strong></span> 
     </span>
     <span class='ocr_line' id='line_1_17' title="bbox 616 1744 1680 1812; baseline -0.008 -12"><span class='ocrx_word' id='word_1_91' title='bbox 616 1745 1019 1812; x_wconf 84' lang='lat' dir='ltr'><strong>cupiscendum?</strong></span> <span class='ocrx_word' id='word_1_92' title='bbox 1072 1758 1137 1794; x_wconf 85' lang='lat' dir='ltr'><strong>an</strong></span> <span class='ocrx_word' id='word_1_93' title='bbox 1176 1744 1315 1809; x_wconf 89' lang='lat' dir='ltr'><strong>quod</strong></span> <span class='ocrx_word' id='word_1_94' title='bbox 1360 1746 1566 1806; x_wconf 86' lang='lat' dir='ltr'><strong>timent,</strong></span> <span class='ocrx_word' id='word_1_95' title='bbox 1613 1759 1680 1792; x_wconf 91' lang='lat' dir='ltr'><strong>an</strong></span> 
     </span>
     <span class='ocr_line' id='line_1_18' title="bbox 614 1820 1680 1890; baseline -0.008 -15"><span class='ocrx_word' id='word_1_96' title='bbox 614 1825 751 1890; x_wconf 81' lang='lat' dir='ltr'><strong>qnod</strong></span> <span class='ocrx_word' id='word_1_97' title='bbox 793 1823 1074 1874; x_wconf 88' lang='lat' dir='ltr'><strong>timentur?</strong></span> <span class='ocrx_word' id='word_1_98' title='bbox 1134 1821 1273 1885; x_wconf 87' lang='lat' dir='ltr'><strong>quod</strong></span> <span class='ocrx_word' id='word_1_99' title='bbox 1316 1820 1514 1883; x_wconf 75' lang='lat' dir='ltr'><strong>alligati</strong></span> <span class='ocrx_word' id='word_1_100' title='bbox 1562 1833 1680 1868; x_wconf 89' lang='lat' dir='ltr'><strong>cum</strong></span> 
     </span>
     <span class='ocr_line' id='line_1_19' title="bbox 616 1897 1681 1960; baseline -0.007 -9"><span class='ocrx_word' id='word_1_101' title='bbox 616 1899 929 1960; x_wconf 68' lang='lat' dir='ltr'><strong>adulatione,</strong></span> <span class='ocrx_word' id='word_1_102' title='bbox 948 1912 1047 1948; x_wconf 87' lang='lat' dir='ltr'><strong>nec</strong></span> <span class='ocrx_word' id='word_1_103' title='bbox 1062 1897 1434 1960; x_wconf 77' lang='lat' dir='ltr'><strong>imperantibus</strong></span> <span class='ocrx_word' id='word_1_104' title='bbox 1454 1909 1681 1960; x_wconf 87' lang='lat' dir='ltr'><strong>unquam</strong></span> 
     </span>
     <span class='ocr_line' id='line_1_20' title="bbox 616 1971 1680 2032; baseline -0.005 -8"><span class='ocrx_word' id='word_1_105' title='bbox 616 1976 745 2024; x_wconf 83' lang='lat' dir='ltr'><strong>satis</strong></span> <span class='ocrx_word' id='word_1_106' title='bbox 784 1975 923 2024; x_wconf 85' lang='lat' dir='ltr'><strong>servi</strong></span> <span class='ocrx_word' id='word_1_107' title='bbox 956 1973 1215 2032; x_wconf 80' lang='lat' dir='ltr'><strong>videntur,</strong></span> <span class='ocrx_word' id='word_1_108' title='bbox 1246 1986 1341 2022; x_wconf 89' lang='lat' dir='ltr'><strong>nec</strong></span> <span class='ocrx_word' id='word_1_109' title='bbox 1382 1971 1529 2021; x_wconf 89' lang='lat' dir='ltr'><strong>nobis</strong></span> <span class='ocrx_word' id='word_1_110' title='bbox 1554 1972 1680 2020; x_wconf 86' lang='lat' dir='ltr'><strong>satis</strong></span> 
     </span>
     <span class='ocr_line' id='line_1_21' title="bbox 614 2047 1678 2100; baseline -0.002 -2"><span class='ocrx_word' id='word_1_111' title='bbox 614 2049 815 2100; x_wconf 73' lang='lat' dir='ltr'><strong>liberi?</strong></span> <span class='ocrx_word' id='word_1_112' title='bbox 866 2049 1039 2098; x_wconf 84' lang='lat' dir='ltr'><strong>Etiam</strong></span> <span class='ocrx_word' id='word_1_113' title='bbox 1076 2048 1207 2097; x_wconf 84' lang='lat' dir='ltr'><strong>ista:</strong></span> <span class='ocrx_word' id='word_1_114' title='bbox 1259 2049 1274 2074; x_wconf 92' lang='lat'>‘</span> <span class='ocrx_word' id='word_1_115' title='bbox 1301 2048 1415 2096; x_wconf 88' lang='lat' dir='ltr'><strong>Nec</strong></span> <span class='ocrx_word' id='word_1_116' title='bbox 1448 2047 1678 2096; x_wconf 86' lang='lat' dir='ltr'><strong>incertus</strong></span> 
     </span>
     <span class='ocr_line' id='line_1_22' title="bbox 614 2121 1680 2186; baseline -0.006 -10"><span class='ocrx_word' id='word_1_117' title='bbox 614 2123 777 2176; x_wconf 79' lang='lat' dir='ltr'><strong>futuri</strong></span> <span class='ocrx_word' id='word_1_118' title='bbox 800 2128 1166 2175; x_wconf 80' lang='lat' dir='ltr'><strong>testamentum</strong></span> <span class='ocrx_word' id='word_1_119' title='bbox 1202 2137 1297 2186; x_wconf 92' lang='lat' dir='ltr'><strong>pro</strong></span> <span class='ocrx_word' id='word_1_120' title='bbox 1320 2123 1535 2186; x_wconf 79' lang='lat' dir='ltr'><strong>pignore</strong></span> <span class='ocrx_word' id='word_1_121' title='bbox 1552 2121 1680 2170; x_wconf 87' lang='lat' dir='ltr'><strong>scri-</strong></span> 
     </span>
     <span class='ocr_line' id='line_1_23' title="bbox 615 2196 1678 2262; baseline -0.004 -12"><span class='ocrx_word' id='word_1_122' title='bbox 615 2197 769 2250; x_wconf 83' lang='lat' dir='ltr'><strong>bam:</strong></span> <span class='ocrx_word' id='word_1_123' title='bbox 818 2212 915 2248; x_wconf 90' lang='lat' dir='ltr'><strong>nec</strong></span> <span class='ocrx_word' id='word_1_124' title='bbox 957 2199 1071 2262; x_wconf 89' lang='lat' dir='ltr'><strong>plus</strong></span> <span class='ocrx_word' id='word_1_125' title='bbox 1104 2196 1341 2260; x_wconf 80' lang='lat' dir='ltr'><strong>habeam,</strong></span> <span class='ocrx_word' id='word_1_126' title='bbox 1362 2210 1513 2262; x_wconf 85' lang='lat' dir='ltr'><strong>quarn</strong></span> <span class='ocrx_word' id='word_1_127' title='bbox 1538 2197 1678 2261; x_wconf 88' lang='lat' dir='ltr'><strong>quod</strong></span> 
     </span>
     <span class='ocr_line' id='line_1_24' title="bbox 615 2272 1683 2338; baseline -0.003 -15"><span class='ocrx_word' id='word_1_128' title='bbox 615 2273 828 2337; x_wconf 86' lang='lat' dir='ltr'><strong>possim,</strong></span> <span class='ocrx_word' id='word_1_129' title='bbox 841 2273 921 2323; x_wconf 84' lang='lat' dir='ltr'><strong>cui</strong></span> <span class='ocrx_word' id='word_1_130' title='bbox 944 2273 1097 2322; x_wconf 79' lang='lat' dir='ltr'><strong>velim</strong></span> <span class='ocrx_word' id='word_1_131' title='bbox 1121 2273 1432 2338; x_wconf 78' lang='lat' dir='ltr'>relinquere,</span> <span class='ocrx_word' id='word_1_132' title='bbox 1455 2272 1683 2337; x_wconf 73' lang='lat' dir='ltr'><strong>quarido-</strong></span> 
     </span>
     <span class='ocr_line' id='line_1_25' title="bbox 616 2346 1680 2415; baseline 0 -17"><span class='ocrx_word' id='word_1_133' title='bbox 616 2363 823 2415; x_wconf 78' lang='lat' dir='ltr'><strong>cunque</strong></span> <span class='ocrx_word' id='word_1_134' title='bbox 846 2346 1021 2400; x_wconf 82' lang='lat' dir='ltr'><strong>fatalis</strong></span> <span class='ocrx_word' id='word_1_135' title='bbox 1056 2354 1109 2398; x_wconf 89' lang='lat' dir='ltr'><strong>et</strong></span> <span class='ocrx_word' id='word_1_136' title='bbox 1144 2363 1287 2398; x_wconf 85' lang='lat' dir='ltr'><strong>meus</strong></span> <span class='ocrx_word' id='word_1_137' title='bbox 1324 2349 1434 2399; x_wconf 89' lang='lat' dir='ltr'><strong>dies</strong></span> <span class='ocrx_word' id='word_1_138' title='bbox 1471 2347 1680 2398; x_wconf 61' lang='lat' dir='ltr'><strong>veniet)</strong></span> 
     </span>
     <span class='ocr_line' id='line_1_26' title="bbox 616 2424 1684 2489; baseline -0.002 -15"><span class='ocrx_word' id='word_1_139' title='bbox 616 2425 725 2474; x_wconf 87' lang='lat' dir='ltr'><strong>‘Et</strong></span> <span class='ocrx_word' id='word_1_140' title='bbox 764 2439 978 2475; x_wconf 85' lang='lat' dir='ltr'><strong>rursus:</strong></span> <span class='ocrx_word' id='word_1_141' title='bbox 1032 2425 1047 2452; x_wconf 90' lang='lat'>‘</span> <span class='ocrx_word' id='word_1_142' title='bbox 1071 2424 1195 2473; x_wconf 74' lang='lat' dir='ltr'><strong>illos</strong></span> <span class='ocrx_word' id='word_1_143' title='bbox 1234 2425 1357 2489; x_wconf 89' lang='lat' dir='ltr'><strong>quin</strong></span> <span class='ocrx_word' id='word_1_144' title='bbox 1405 2425 1559 2473; x_wconf 89' lang='lat' dir='ltr'><strong>immo</strong></span> <span class='ocrx_word' id='word_1_145' title='bbox 1605 2439 1684 2474; x_wconf 93' lang='lat' dir='ltr'><strong>or-</strong></span> 
     </span>
     <span class='ocr_line' id='line_1_27' title="bbox 618 2497 1685 2562; baseline -0.001 -14"><span class='ocrx_word' id='word_1_146' title='bbox 618 2497 717 2548; x_wconf 86' lang='lat' dir='ltr'><strong>bos</strong></span> <span class='ocrx_word' id='word_1_147' title='bbox 759 2505 816 2547; x_wconf 91' lang='lat' dir='ltr'><strong>et</strong></span> <span class='ocrx_word' id='word_1_148' title='bbox 862 2498 1149 2562; x_wconf 83' lang='lat' dir='ltr'><strong>locupletes</strong></span> <span class='ocrx_word' id='word_1_149' title='bbox 1194 2504 1252 2547; x_wconf 90' lang='lat' dir='ltr'><strong>et</strong></span> <span class='ocrx_word' id='word_1_150' title='bbox 1312 2504 1554 2561; x_wconf 83' lang='lat' dir='ltr'><strong>potentes</strong></span> <span class='ocrx_word' id='word_1_151' title='bbox 1599 2512 1685 2547; x_wconf 82' lang='lat' dir='ltr'><strong>ve-</strong></span> 
     </span>
    </p>
   </div>
   <div class='ocr_carea' id='block_1_4' title="bbox 620 2572 1688 2638">
    <p class='ocr_par' dir='ltr' id='par_1_4' title="bbox 620 2572 1688 2638">
     <span class='ocr_line' id='line_1_28' title="bbox 620 2572 1688 2638; baseline -0.002 -15"><span class='ocrx_word' id='word_1_152' title='bbox 620 2575 737 2623; x_wconf 86' lang='lat' dir='ltr'><strong>nire</strong></span> <span class='ocrx_word' id='word_1_153' title='bbox 760 2573 1064 2638; x_wconf 84' lang='lat' dir='ltr'><strong>plerumque</strong></span> <span class='ocrx_word' id='word_1_154' title='bbox 1103 2573 1169 2622; x_wconf 84' lang='lat' dir='ltr'><strong>ad</strong></span> <span class='ocrx_word' id='word_1_155' title='bbox 1198 2572 1445 2636; x_wconf 78' lang='lat' dir='ltr'><strong>juvenem</strong></span> <span class='ocrx_word' id='word_1_156' title='bbox 1480 2579 1537 2622; x_wconf 90' lang='lat' dir='ltr'><strong>et</strong></span> <span class='ocrx_word' id='word_1_157' title='bbox 1562 2586 1688 2636; x_wconf 86' lang='lat' dir='ltr'><strong>pau-</strong></span> 
     </span>
    </p>
   </div>
   <div class='ocr_carea' id='block_1_5' title="bbox 616 2647 1686 4224">
    <p class='ocr_par' dir='ltr' id='par_1_5' title="bbox 616 2647 1686 4224">
     <span class='ocr_line' id='line_1_29' title="bbox 619 2647 1682 2712; baseline -0.002 -14"><span class='ocrx_word' id='word_1_158' title='bbox 619 2661 821 2712; x_wconf 81' lang='lat' dir='ltr'><strong>perem,</strong></span> <span class='ocrx_word' id='word_1_159' title='bbox 842 2651 942 2696; x_wconf 70' lang='grc' dir='ltr'>διο.</span> <span class='ocrx_word' id='word_1_160' title='bbox 991 2648 1110 2697; x_wconf 82' lang='grc' dir='ltr'>.Ῐιιιιι</span> <span class='ocrx_word' id='word_1_161' title='bbox 1134 2661 1259 2696; x_wconf 82' lang='lat' dir='ltr'><strong>vero</strong></span> <span class='ocrx_word' id='word_1_162' title='bbox 1284 2647 1371 2712; x_wconf 87' lang='lat' dir='ltr'><strong>qui</strong></span> <span class='ocrx_word' id='word_1_163' title='bbox 1389 2653 1682 2710; x_wconf 73' lang='lat' dir='ltr'><strong>togatorum</strong></span> 
     </span>
     <span class='ocr_line' id='line_1_30' title="bbox 618 2721 1682 2784; baseline -0.002 -11"><span class='ocrx_word' id='word_1_164' title='bbox 618 2723 897 2773; x_wconf 81' lang='lat' dir='ltr'><strong>comitatus</strong></span> <span class='ocrx_word' id='word_1_165' title='bbox 920 2727 977 2771; x_wconf 87' lang='lat' dir='ltr'><strong>et</strong></span> <span class='ocrx_word' id='word_1_166' title='bbox 1011 2723 1247 2784; x_wconf 70' lang='lat' dir='ltr'><strong>egressus</strong></span> <span class='ocrx_word' id='word_1_167' title='bbox 1264 2721 1299 2770; x_wconf 86' lang='lat'><strong>?’</strong></span> <span class='ocrx_word' id='word_1_168' title='bbox 1351 2722 1480 2773; x_wconf 85' lang='lat' dir='ltr'><strong>Quis</strong></span> <span class='ocrx_word' id='word_1_169' title='bbox 1520 2729 1682 2784; x_wconf 79' lang='lat' dir='ltr'><strong>neget</strong></span> 
     </span>
     <span class='ocr_line' id='line_1_31' title="bbox 617 2795 1681 2860; baseline -0.006 -10"><span class='ocrx_word' id='word_1_170' title='bbox 617 2799 730 2850; x_wconf 68' lang='lat' dir='ltr'><strong>hec</strong></span> <span class='ocrx_word' id='word_1_171' title='bbox 752 2802 809 2848; x_wconf 85' lang='lat' dir='ltr'><strong>et</strong></span> <span class='ocrx_word' id='word_1_172' title='bbox 826 2796 955 2848; x_wconf 85' lang='lat' dir='ltr'><strong>talia</strong></span> <span class='ocrx_word' id='word_1_173' title='bbox 976 2797 1137 2846; x_wconf 86' lang='lat' dir='ltr'><strong>multa</strong></span> <span class='ocrx_word' id='word_1_174' title='bbox 1172 2795 1267 2846; x_wconf 89' lang='lat' dir='ltr'><strong>sub</strong></span> <span class='ocrx_word' id='word_1_175' title='bbox 1296 2797 1485 2860; x_wconf 77' lang='lat' dir='ltr'><strong>stylum</strong></span> <span class='ocrx_word' id='word_1_176' title='bbox 1503 2797 1681 2845; x_wconf 81' lang='lat' dir='ltr'><strong>Taciti</strong></span> 
     </span>
     <span class='ocr_line' id='line_1_32' title="bbox 618 2872 1683 2939; baseline -0.003 -14"><span class='ocrx_word' id='word_1_177' title='bbox 618 2875 807 2926; x_wconf 83' lang='lat' dir='ltr'><strong>cadere</strong></span> <span class='ocrx_word' id='word_1_178' title='bbox 847 2873 1109 2939; x_wconf 84' lang='lat' dir='ltr'><strong>potuisse?</strong></span> <span class='ocrx_word' id='word_1_179' title='bbox 1156 2872 1271 2938; x_wconf 89' lang='lat' dir='ltr'><strong>quis</strong></span> <span class='ocrx_word' id='word_1_180' title='bbox 1310 2879 1466 2936; x_wconf 72' lang='lat' dir='ltr'><strong>neget</strong></span> <span class='ocrx_word' id='word_1_181' title='bbox 1492 2873 1604 2922; x_wconf 78' lang='lat' dir='ltr'><strong>baec</strong></span> <span class='ocrx_word' id='word_1_182' title='bbox 1625 2879 1683 2922; x_wconf 89' lang='lat' dir='ltr'><strong>et</strong></span> 
     </span>
     <span class='ocr_line' id='line_1_33' title="bbox 620 2947 1679 3000; baseline -0.002 0"><span class='ocrx_word' id='word_1_183' title='bbox 620 2950 808 3000; x_wconf 85' lang='lat' dir='ltr'><strong>similia</strong></span> <span class='ocrx_word' id='word_1_184' title='bbox 830 2964 940 3000; x_wconf 84' lang='lat' dir='ltr'><strong>esse</strong></span> <span class='ocrx_word' id='word_1_185' title='bbox 960 2947 1233 2998; x_wconf 80' lang='lat' dir='ltr'><strong>materiam</strong></span> <span class='ocrx_word' id='word_1_186' title='bbox 1254 2948 1506 2998; x_wconf 82' lang='lat' dir='ltr'><strong>Historiae</strong></span> <span class='ocrx_word' id='word_1_187' title='bbox 1530 2947 1679 2998; x_wconf 87' lang='lat' dir='ltr'><strong>Rom.</strong></span> 
     </span>
     <span class='ocr_line' id='line_1_34' title="bbox 620 3023 1681 3092; baseline -0.007 -16"><span class='ocrx_word' id='word_1_188' title='bbox 620 3026 743 3092; x_wconf 85' lang='lat' dir='ltr'><strong>quia</strong></span> <span class='ocrx_word' id='word_1_189' title='bbox 761 3031 883 3076; x_wconf 87' lang='lat' dir='ltr'><strong>sunt</strong></span> <span class='ocrx_word' id='word_1_190' title='bbox 919 3031 1065 3075; x_wconf 86' lang='lat' dir='ltr'><strong>certe</strong></span> <span class='ocrx_word' id='word_1_191' title='bbox 1095 3023 1275 3073; x_wconf 84' lang='lat' dir='ltr'><strong>eadem</strong></span> <span class='ocrx_word' id='word_1_192' title='bbox 1312 3023 1570 3072; x_wconf 83' lang='lat' dir='ltr'><strong>bominum</strong></span> <span class='ocrx_word' id='word_1_193' title='bbox 1605 3023 1681 3070; x_wconf 87' lang='lat' dir='ltr'><strong>in-</strong></span> 
     </span>
     <span class='ocr_line' id='line_1_35' title="bbox 618 3097 1683 3164; baseline -0.007 -12"><span class='ocrx_word' id='word_1_194' title='bbox 618 3103 772 3164; x_wconf 79' lang='lat' dir='ltr'><strong>genia</strong></span> <span class='ocrx_word' id='word_1_195' title='bbox 788 3101 1081 3164; x_wconf 74' lang='lat' dir='ltr'><strong>similesque</strong></span> <span class='ocrx_word' id='word_1_196' title='bbox 1115 3099 1341 3163; x_wconf 83' lang='lat' dir='ltr'><strong>ejusdem</strong></span> <span class='ocrx_word' id='word_1_197' title='bbox 1376 3097 1473 3147; x_wconf 77' lang='lat' dir='ltr'><strong>aevi</strong></span> <span class='ocrx_word' id='word_1_198' title='bbox 1494 3111 1683 3159; x_wconf 87' lang='lat' dir='ltr'><strong>mores,</strong></span> 
     </span>
     <span class='ocr_line' id='line_1_36' title="bbox 619 3171 1680 3241; baseline -0.006 -16"><span class='ocrx_word' id='word_1_199' title='bbox 619 3175 733 3241; x_wconf 87' lang='lat' dir='ltr'><strong>quis</strong></span> <span class='ocrx_word' id='word_1_200' title='bbox 753 3184 913 3240; x_wconf 83' lang='lat' dir='ltr'><strong>neget</strong></span> <span class='ocrx_word' id='word_1_201' title='bbox 948 3175 1063 3224; x_wconf 77' lang='lat' dir='ltr'><strong>haec</strong></span> <span class='ocrx_word' id='word_1_202' title='bbox 1100 3186 1389 3236; x_wconf 80' lang='lat' dir='ltr'><strong>congruere</strong></span> <span class='ocrx_word' id='word_1_203' title='bbox 1424 3173 1561 3235; x_wconf 83' lang='lat' dir='ltr'><strong>stylo</strong></span> <span class='ocrx_word' id='word_1_204' title='bbox 1580 3171 1680 3220; x_wconf 85' lang='lat' dir='ltr'><strong>his-</strong></span> 
     </span>
     <span class='ocr_line' id='line_1_37' title="bbox 619 3245 1682 3310; baseline -0.005 -11"><span class='ocrx_word' id='word_1_205' title='bbox 619 3251 769 3300; x_wconf 88' lang='lat' dir='ltr'><strong>torici</strong></span> <span class='ocrx_word' id='word_1_206' title='bbox 792 3263 893 3298; x_wconf 91' lang='lat' dir='ltr'><strong>nou</strong></span> <span class='ocrx_word' id='word_1_207' title='bbox 928 3249 1111 3308; x_wconf 86' lang='lat' dir='ltr'><strong>solum,</strong></span> <span class='ocrx_word' id='word_1_208' title='bbox 1132 3245 1225 3296; x_wconf 86' lang='lat' dir='ltr'><strong>sed</strong></span> <span class='ocrx_word' id='word_1_209' title='bbox 1251 3253 1308 3295; x_wconf 90' lang='lat' dir='ltr'><strong>et</strong></span> <span class='ocrx_word' id='word_1_210' title='bbox 1328 3247 1682 3310; x_wconf 85' lang='lat' dir='ltr'><strong>cujuscunque</strong></span> 
     </span>
     <span class='ocr_line' id='line_1_38' title="bbox 619 3322 1685 3385; baseline -0.002 -11"><span class='ocrx_word' id='word_1_211' title='bbox 619 3325 847 3374; x_wconf 85' lang='lat' dir='ltr'><strong>auctoris</strong></span> <span class='ocrx_word' id='word_1_212' title='bbox 870 3329 925 3372; x_wconf 89' lang='lat' dir='ltr'><strong>et</strong></span> <span class='ocrx_word' id='word_1_213' title='bbox 948 3322 1216 3385; x_wconf 76' lang='lat' dir='ltr'><strong>scriptoris</strong></span> <span class='ocrx_word' id='word_1_214' title='bbox 1238 3323 1255 3370; x_wconf 89' lang='lat'>?</span> <span class='ocrx_word' id='word_1_215' title='bbox 1289 3322 1433 3374; x_wconf 82' lang='lat' dir='ltr'><strong>Quot</strong></span> <span class='ocrx_word' id='word_1_216' title='bbox 1455 3322 1541 3371; x_wconf 85' lang='lat' dir='ltr'><strong>alil</strong></span> <span class='ocrx_word' id='word_1_217' title='bbox 1566 3335 1685 3372; x_wconf 84' lang='lat' dir='ltr'><strong>auc-</strong></span> 
     </span>
     <span class='ocr_line' id='line_1_39' title="bbox 620 3395 1683 3460; baseline -0.003 -12"><span class='ocrx_word' id='word_1_218' title='bbox 620 3407 762 3448; x_wconf 80' lang='lat' dir='ltr'><strong>tores</strong></span> <span class='ocrx_word' id='word_1_219' title='bbox 783 3397 1057 3447; x_wconf 80' lang='lat' dir='ltr'><strong>memorias</strong></span> <span class='ocrx_word' id='word_1_220' title='bbox 1081 3395 1343 3460; x_wconf 76' lang='lat' dir='ltr'><strong>librosque</strong></span> <span class='ocrx_word' id='word_1_221' title='bbox 1360 3396 1683 3448; x_wconf 75' lang='lat' dir='ltr'><strong>historiarum</strong></span> 
     </span>
     <span class='ocr_line' id='line_1_40' title="bbox 622 3471 1686 3538; baseline -0.002 -15"><span class='ocrx_word' id='word_1_222' title='bbox 622 3473 993 3538; x_wconf 80' lang='lat' dir='ltr'><strong>composuere?</strong></span> <span class='ocrx_word' id='word_1_223' title='bbox 1043 3477 1170 3538; x_wconf 90' lang='lat' dir='ltr'><strong>quot</strong></span> <span class='ocrx_word' id='word_1_224' title='bbox 1206 3471 1495 3522; x_wconf 75' lang='lat' dir='ltr'><strong>recitavere</strong></span> <span class='ocrx_word' id='word_1_225' title='bbox 1518 3473 1686 3536; x_wconf 80' lang='lat' dir='ltr'><strong>palam</strong></span> 
     </span>
     <span class='ocr_line' id='line_1_41' title="bbox 618 3546 1684 3612; baseline -0.002 -14"><span class='ocrx_word' id='word_1_226' title='bbox 618 3547 781 3598; x_wconf 79' lang='lat' dir='ltr'><strong>libros</strong></span> <span class='ocrx_word' id='word_1_227' title='bbox 799 3547 851 3596; x_wconf 91' lang='lat' dir='ltr'><strong>in</strong></span> <span class='ocrx_word' id='word_1_228' title='bbox 875 3547 1011 3597; x_wconf 86' lang='lat' dir='ltr'><strong>omni</strong></span> <span class='ocrx_word' id='word_1_229' title='bbox 1038 3561 1228 3612; x_wconf 79' lang='lat' dir='ltr'><strong>genere</strong></span> <span class='ocrx_word' id='word_1_230' title='bbox 1251 3546 1563 3612; x_wconf 70' lang='lat' dir='ltr'><strong>eloquentiae</strong></span> <span class='ocrx_word' id='word_1_231' title='bbox 1587 3548 1684 3596; x_wconf 82' lang='lat' dir='ltr'><strong>hoc</strong></span> 
     </span>
     <span class='ocr_line' id='line_1_42' title="bbox 620 3623 1682 3686; baseline -0.003 -11"><span class='ocrx_word' id='word_1_232' title='bbox 620 3625 805 3675; x_wconf 85' lang='lat' dir='ltr'><strong>eodem</strong></span> <span class='ocrx_word' id='word_1_233' title='bbox 849 3625 999 3673; x_wconf 78' lang='lat' dir='ltr'><strong>oevo?</strong></span> <span class='ocrx_word' id='word_1_234' title='bbox 1055 3625 1322 3686; x_wconf 75' lang='lat' dir='ltr'><strong>Leguntur</strong></span> <span class='ocrx_word' id='word_1_235' title='bbox 1364 3623 1682 3674; x_wconf 86' lang='lat' dir='ltr'><strong>solummodo</strong></span> 
     </span>
     <span class='ocr_line' id='line_1_43' title="bbox 616 3698 1682 3763; baseline -0.003 -14"><span class='ocrx_word' id='word_1_236' title='bbox 616 3701 787 3749; x_wconf 76' lang='lat' dir='ltr'><strong>literoe</strong></span> <span class='ocrx_word' id='word_1_237' title='bbox 809 3698 963 3748; x_wconf 82' lang='lat' dir='ltr'><strong>Plinii</strong></span> <span class='ocrx_word' id='word_1_238' title='bbox 991 3698 1232 3763; x_wconf 87' lang='lat' dir='ltr'><strong>junioris,</strong></span> <span class='ocrx_word' id='word_1_239' title='bbox 1254 3706 1308 3747; x_wconf 90' lang='lat' dir='ltr'><strong>et</strong></span> <span class='ocrx_word' id='word_1_240' title='bbox 1342 3704 1551 3748; x_wconf 69' lang='lat' dir='ltr'><strong>aetatem</strong></span> <span class='ocrx_word' id='word_1_241' title='bbox 1578 3711 1682 3746; x_wconf 90' lang='lat' dir='ltr'><strong>non</strong></span> 
     </span>
     <span class='ocr_line' id='line_1_44' title="bbox 620 3773 1682 3836; baseline -0.001 -11"><span class='ocrx_word' id='word_1_242' title='bbox 620 3775 871 3836; x_wconf 83' lang='lat' dir='ltr'><strong>sterilem,</strong></span> <span class='ocrx_word' id='word_1_243' title='bbox 892 3788 995 3824; x_wconf 90' lang='lat' dir='ltr'><strong>non</strong></span> <span class='ocrx_word' id='word_1_244' title='bbox 1032 3773 1255 3824; x_wconf 82' lang='lat' dir='ltr'><strong>effoetam</strong></span> <span class='ocrx_word' id='word_1_245' title='bbox 1288 3775 1682 3825; x_wconf 81' lang='lat' dir='ltr'><strong>animadvertes.</strong></span> 
     </span>
     <span class='ocr_line' id='line_1_45' title="bbox 622 3849 1683 3906; baseline 0.002 -8"><span class='ocrx_word' id='word_1_246' title='bbox 622 3849 817 3906; x_wconf 82' lang='lat' dir='ltr'><strong>Quidni</strong></span> <span class='ocrx_word' id='word_1_247' title='bbox 848 3856 904 3899; x_wconf 88' lang='lat' dir='ltr'><strong>et</strong></span> <span class='ocrx_word' id='word_1_248' title='bbox 941 3850 1038 3899; x_wconf 82' lang='lat' dir='ltr'><strong>boc</strong></span> <span class='ocrx_word' id='word_1_249' title='bbox 1091 3851 1272 3900; x_wconf 87' lang='lat' dir='ltr'><strong>eodem</strong></span> <span class='ocrx_word' id='word_1_250' title='bbox 1308 3851 1479 3900; x_wconf 88' lang='lat' dir='ltr'><strong>libello</strong></span> <span class='ocrx_word' id='word_1_251' title='bbox 1520 3852 1683 3900; x_wconf 87' lang='lat' dir='ltr'><strong>multa</strong></span> 
     </span>
     <span class='ocr_line' id='line_1_46' title="bbox 620 3925 1680 3990; baseline 0 -14"><span class='ocrx_word' id='word_1_252' title='bbox 620 3925 851 3990; x_wconf 82' lang='lat' dir='ltr'><strong>reperias</strong></span> <span class='ocrx_word' id='word_1_253' title='bbox 872 3940 985 3990; x_wconf 83' lang='lat' dir='ltr'><strong>quae</strong></span> <span class='ocrx_word' id='word_1_254' title='bbox 1009 3925 1222 3988; x_wconf 84' lang='lat' dir='ltr'><strong>perinde</strong></span> <span class='ocrx_word' id='word_1_255' title='bbox 1243 3926 1308 3975; x_wconf 86' lang='lat' dir='ltr'><strong>ad</strong></span> <span class='ocrx_word' id='word_1_256' title='bbox 1328 3928 1597 3989; x_wconf 87' lang='lat' dir='ltr'><strong>Senecam,</strong></span> <span class='ocrx_word' id='word_1_257' title='bbox 1614 3927 1680 3976; x_wconf 88' lang='lat' dir='ltr'><strong>ad</strong></span> 
     </span>
     <span class='ocr_line' id='line_1_47' title="bbox 622 4003 1683 4068; baseline -0.001 -15"><span class='ocrx_word' id='word_1_258' title='bbox 622 4003 845 4054; x_wconf 85' lang='lat' dir='ltr'><strong>Plinium</strong></span> <span class='ocrx_word' id='word_1_259' title='bbox 866 4011 1169 4068; x_wconf 80' lang='lat' dir='ltr'><strong>utrumque3</strong></span> <span class='ocrx_word' id='word_1_260' title='bbox 1204 4010 1259 4053; x_wconf 86' lang='lat' dir='ltr'><strong>et</strong></span> <span class='ocrx_word' id='word_1_261' title='bbox 1278 4003 1343 4054; x_wconf 85' lang='lat' dir='ltr'><strong>ad</strong></span> <span class='ocrx_word' id='word_1_262' title='bbox 1358 4005 1683 4068; x_wconf 85' lang='lat' dir='ltr'><strong>Suetonium,</strong></span> 
     </span>
     <span class='ocr_line' id='line_1_48' title="bbox 622 4077 1680 4142; baseline 0.001 -13"><span class='ocrx_word' id='word_1_263' title='bbox 622 4079 863 4142; x_wconf 83' lang='lat' dir='ltr'><strong>Dionem,</strong></span> <span class='ocrx_word' id='word_1_264' title='bbox 878 4086 933 4127; x_wconf 88' lang='lat' dir='ltr'><strong>et</strong></span> <span class='ocrx_word' id='word_1_265' title='bbox 948 4077 1075 4128; x_wconf 85' lang='lat' dir='ltr'><strong>alios</strong></span> <span class='ocrx_word' id='word_1_266' title='bbox 1090 4085 1325 4129; x_wconf 79' lang='lat' dir='ltr'><strong>auctores</strong></span> <span class='ocrx_word' id='word_1_267' title='bbox 1346 4080 1643 4142; x_wconf 87' lang='lat' dir='ltr'><strong>pertincant</strong></span> <span class='ocrx_word' id='word_1_268' title='bbox 1659 4082 1680 4130; x_wconf 86' lang='lat'>?</span> 
     </span>
     <span class='ocr_line' id='line_1_49' title="bbox 624 4153 1680 4224; baseline 0.002 -19"><span class='ocrx_word' id='word_1_269' title='bbox 624 4155 767 4224; x_wconf 65' lang='lat' dir='ltr'><strong>lage</strong></span> <span class='ocrx_word' id='word_1_270' title='bbox 785 4153 985 4207; x_wconf 79' lang='lat' dir='ltr'><strong>attente</strong></span> <span class='ocrx_word' id='word_1_271' title='bbox 1003 4167 1195 4218; x_wconf 82' lang='lat' dir='ltr'><strong>paucas</strong></span> <span class='ocrx_word' id='word_1_272' title='bbox 1214 4153 1373 4205; x_wconf 81' lang='lat' dir='ltr'><strong>lineas</strong></span> <span class='ocrx_word' id='word_1_273' title='bbox 1392 4153 1579 4220; x_wconf 75' lang='lat' dir='ltr'><strong>dialogi</strong></span> <span class='ocrx_word' id='word_1_274' title='bbox 1595 4154 1680 4207; x_wconf 75' lang='lat' dir='ltr'><strong>liic</strong></span> 
     </span>
    </p>
   </div>
   <div class='ocr_carea' id='block_1_6' title="bbox 1746 682 2836 4226">
    <p class='ocr_par' dir='ltr' id='par_1_6' title="bbox 1746 682 2836 4226">
     <span class='ocr_line' id='line_1_50' title="bbox 1753 682 2824 748; baseline 0.002 -16"><span class='ocrx_word' id='word_1_275' title='bbox 1753 683 2034 748; x_wconf 84' lang='lat' dir='ltr'><strong>appositas.</strong></span> <span class='ocrx_word' id='word_1_276' title='bbox 2099 683 2186 732; x_wconf 79' lang='lat' dir='ltr'><strong>An</strong></span> <span class='ocrx_word' id='word_1_277' title='bbox 2223 687 2471 745; x_wconf 86' lang='lat' dir='ltr'><strong>mentem,</strong></span> <span class='ocrx_word' id='word_1_278' title='bbox 2503 697 2572 734; x_wconf 83' lang='lat' dir='ltr'><strong>an</strong></span> <span class='ocrx_word' id='word_1_279' title='bbox 2611 682 2824 746; x_wconf 71' lang='lat' dir='ltr'><strong>gent-n</strong></span> 
     </span>
     <span class='ocr_line' id='line_1_51' title="bbox 1751 758 2824 823; baseline 0.002 -15"><span class='ocrx_word' id='word_1_280' title='bbox 1751 759 1938 819; x_wconf 76' lang='lat' dir='ltr'><strong>Taciti,</strong></span> <span class='ocrx_word' id='word_1_281' title='bbox 1960 774 2026 809; x_wconf 86' lang='lat' dir='ltr'><strong>an</strong></span> <span class='ocrx_word' id='word_1_282' title='bbox 2063 758 2392 818; x_wconf 82' lang='lat' dir='ltr'><strong>brevitatem,</strong></span> <span class='ocrx_word' id='word_1_283' title='bbox 2414 774 2479 808; x_wconf 87' lang='lat' dir='ltr'><strong>an</strong></span> <span class='ocrx_word' id='word_1_284' title='bbox 2506 759 2824 823; x_wconf 73' lang='lat' dir='ltr'><strong>gravitatem</strong></span> 
     </span>
     <span class='ocr_line' id='line_1_52' title="bbox 1753 834 2830 900; baseline 0.001 -17"><span class='ocrx_word' id='word_1_285' title='bbox 1753 837 1914 897; x_wconf 76' lang='lat' dir='ltr'><strong>ipsius</strong></span> <span class='ocrx_word' id='word_1_286' title='bbox 1933 834 2018 886; x_wconf 83' lang='lat' dir='ltr'><strong>bic</strong></span> <span class='ocrx_word' id='word_1_287' title='bbox 2041 835 2326 900; x_wconf 75' lang='lat' dir='ltr'><strong>agnosces?</strong></span> <span class='ocrx_word' id='word_1_288' title='bbox 2369 835 2471 882; x_wconf 89' lang='lat' dir='ltr'><strong>Sed</strong></span> <span class='ocrx_word' id='word_1_289' title='bbox 2511 849 2567 882; x_wconf 83' lang='lat' dir='ltr'><strong>se</strong></span> <span class='ocrx_word' id='word_1_290' title='bbox 2589 835 2730 898; x_wconf 74' lang='lat' dir='ltr'><strong>ipse,</strong></span> <span class='ocrx_word' id='word_1_291' title='bbox 2745 835 2830 884; x_wconf 84' lang='lat' dir='ltr'><strong>in-</strong></span> 
     </span>
     <span class='ocr_line' id='line_1_53' title="bbox 1753 909 2832 976; baseline -0.003 -16"><span class='ocrx_word' id='word_1_292' title='bbox 1753 914 1959 976; x_wconf 90' lang='lat' dir='ltr'><strong>quiunt,</strong></span> <span class='ocrx_word' id='word_1_293' title='bbox 1981 910 2313 960; x_wconf 73' lang='lat' dir='ltr'><strong>dissimulavit</strong></span> <span class='ocrx_word' id='word_1_294' title='bbox 2351 909 2449 958; x_wconf 83' lang='lat' dir='ltr'><strong>hoc</strong></span> <span class='ocrx_word' id='word_1_295' title='bbox 2485 909 2680 973; x_wconf 86' lang='lat' dir='ltr'><strong>libello,</strong></span> <span class='ocrx_word' id='word_1_296' title='bbox 2715 917 2832 974; x_wconf 73' lang='lat' dir='ltr'><strong>sty-</strong></span> 
     </span>
     <span class='ocr_line' id='line_1_54' title="bbox 1754 985 2832 1048; baseline -0.001 -13"><span class='ocrx_word' id='word_1_297' title='bbox 1754 988 1859 1036; x_wconf 88' lang='lat' dir='ltr'><strong>lum</strong></span> <span class='ocrx_word' id='word_1_298' title='bbox 1881 995 1938 1036; x_wconf 87' lang='lat' dir='ltr'><strong>et</strong></span> <span class='ocrx_word' id='word_1_299' title='bbox 1971 985 2178 1035; x_wconf 84' lang='lat' dir='ltr'><strong>dicendi</strong></span> <span class='ocrx_word' id='word_1_300' title='bbox 2201 999 2360 1044; x_wconf 75' lang='lat' dir='ltr'><strong>genus</strong></span> <span class='ocrx_word' id='word_1_301' title='bbox 2393 985 2750 1048; x_wconf 80' lang='lat' dir='ltr'><strong>eommutavit,</strong></span> <span class='ocrx_word' id='word_1_302' title='bbox 2765 989 2832 1034; x_wconf 78' lang='lat' dir='ltr'><strong>et</strong></span> 
     </span>
     <span class='ocr_line' id='line_1_55' title="bbox 1754 1060 2834 1126; baseline 0.002 -16"><span class='ocrx_word' id='word_1_303' title='bbox 1754 1063 1914 1113; x_wconf 82' lang='lat' dir='ltr'><strong>veluti</strong></span> <span class='ocrx_word' id='word_1_304' title='bbox 1939 1062 2144 1126; x_wconf 75' lang='lat' dir='ltr'><strong>genium</strong></span> <span class='ocrx_word' id='word_1_305' title='bbox 2177 1067 2232 1109; x_wconf 89' lang='lat' dir='ltr'><strong>et</strong></span> <span class='ocrx_word' id='word_1_306' title='bbox 2266 1060 2614 1122; x_wconf 73' lang='lat' dir='ltr'><strong>eloquentiam</strong></span> <span class='ocrx_word' id='word_1_307' title='bbox 2649 1061 2834 1112; x_wconf 81' lang='lat' dir='ltr'><strong>induit</strong></span> 
     </span>
     <span class='ocr_line' id='line_1_56' title="bbox 1757 1129 2832 1200; baseline 0.001 -14"><span class='ocrx_word' id='word_1_308' title='bbox 1757 1145 2039 1198; x_wconf 85' lang='lat' dir='ltr'><strong>oratorum,</strong></span> <span class='ocrx_word' id='word_1_309' title='bbox 2082 1129 2208 1200; x_wconf 77' lang='lat' dir='ltr'><strong>quos</strong></span> <span class='ocrx_word' id='word_1_310' title='bbox 2236 1135 2444 1198; x_wconf 76' lang='lat' dir='ltr'><strong>juvenis</strong></span> <span class='ocrx_word' id='word_1_311' title='bbox 2479 1137 2730 1200; x_wconf 72' lang='lat' dir='ltr'><strong>audient,</strong></span> <span class='ocrx_word' id='word_1_312' title='bbox 2765 1143 2832 1188; x_wconf 79' lang='lat' dir='ltr'><strong>et</strong></span> 
     </span>
     <span class='ocr_line' id='line_1_57' title="bbox 1758 1214 2832 1282; baseline -0.002 -16"><span class='ocrx_word' id='word_1_313' title='bbox 1758 1230 1883 1282; x_wconf 88' lang='lat' dir='ltr'><strong>quos</strong></span> <span class='ocrx_word' id='word_1_314' title='bbox 1944 1215 2146 1266; x_wconf 80' lang='lat' dir='ltr'><strong>inducit</strong></span> <span class='ocrx_word' id='word_1_315' title='bbox 2198 1215 2282 1265; x_wconf 85' lang='lat' dir='ltr'><strong>bic</strong></span> <span class='ocrx_word' id='word_1_316' title='bbox 2338 1214 2684 1278; x_wconf 83' lang='lat' dir='ltr'><strong>disputantes.</strong></span> <span class='ocrx_word' id='word_1_317' title='bbox 2752 1216 2832 1264; x_wconf 77' lang='lat' dir='ltr'><strong>Et</strong></span> 
     </span>
     <span class='ocr_line' id='line_1_58' title="bbox 1760 1291 2832 1356; baseline 0 -15"><span class='ocrx_word' id='word_1_318' title='bbox 1760 1299 1916 1356; x_wconf 89' lang='lat' dir='ltr'><strong>prout</strong></span> <span class='ocrx_word' id='word_1_319' title='bbox 1951 1299 2031 1342; x_wconf 88' lang='lat' dir='ltr'><strong>est</strong></span> <span class='ocrx_word' id='word_1_320' title='bbox 2070 1292 2304 1354; x_wconf 86' lang='lat' dir='ltr'><strong>materia,</strong></span> <span class='ocrx_word' id='word_1_321' title='bbox 2336 1291 2569 1354; x_wconf 85' lang='lat' dir='ltr'><strong>disserit,</strong></span> <span class='ocrx_word' id='word_1_322' title='bbox 2606 1291 2832 1341; x_wconf 74' lang='lat' dir='ltr'><strong>inservit</strong></span> 
     </span>
     <span class='ocr_line' id='line_1_59' title="bbox 1761 1373 2827 1431; baseline 0 -15"><span class='ocrx_word' id='word_1_323' title='bbox 1761 1375 2061 1431; x_wconf 75' lang='lat' dir='ltr'><strong>argumento</strong></span> <span class='ocrx_word' id='word_1_324' title='bbox 2082 1383 2097 1426; x_wconf 76' lang='grc' dir='ltr'><strong>ς</strong></span> <span class='ocrx_word' id='word_1_325' title='bbox 2131 1373 2188 1416; x_wconf 86' lang='lat' dir='ltr'><strong>et</strong></span> <span class='ocrx_word' id='word_1_326' title='bbox 2202 1373 2356 1430; x_wconf 83' lang='lat' dir='ltr'><strong>prout</strong></span> <span class='ocrx_word' id='word_1_327' title='bbox 2371 1375 2451 1416; x_wconf 91' lang='lat' dir='ltr'><strong>est</strong></span> <span class='ocrx_word' id='word_1_328' title='bbox 2471 1380 2572 1429; x_wconf 83' lang='lat' dir='ltr'><strong>res,</strong></span> <span class='ocrx_word' id='word_1_329' title='bbox 2592 1373 2827 1416; x_wconf 76' lang='lat' dir='ltr'><strong>mentem</strong></span> 
     </span>
     <span class='ocr_line' id='line_1_60' title="bbox 1762 1441 2833 1506; baseline 0 -12"><span class='ocrx_word' id='word_1_330' title='bbox 1762 1451 1818 1494; x_wconf 87' lang='lat' dir='ltr'><strong>et</strong></span> <span class='ocrx_word' id='word_1_331' title='bbox 1841 1459 2122 1494; x_wconf 86' lang='lat' dir='ltr'><strong>sermonem</strong></span> <span class='ocrx_word' id='word_1_332' title='bbox 2147 1443 2500 1493; x_wconf 70' lang='lat' dir='ltr'><strong>accommodat</strong></span> <span class='ocrx_word' id='word_1_333' title='bbox 2516 1445 2628 1506; x_wconf 86' lang='lat' dir='ltr'><strong>pari</strong></span> <span class='ocrx_word' id='word_1_334' title='bbox 2645 1441 2833 1494; x_wconf 83' lang='lat' dir='ltr'><strong>facun-</strong></span> 
     </span>
     <span class='ocr_line' id='line_1_61' title="bbox 1762 1518 2834 1570; baseline 0.003 -3"><span class='ocrx_word' id='word_1_335' title='bbox 1762 1518 1849 1568; x_wconf 88' lang='lat' dir='ltr'><strong>dia</strong></span> <span class='ocrx_word' id='word_1_336' title='bbox 1866 1529 1922 1570; x_wconf 87' lang='lat' dir='ltr'><strong>et</strong></span> <span class='ocrx_word' id='word_1_337' title='bbox 1943 1519 2229 1569; x_wconf 84' lang='lat' dir='ltr'><strong>industria:</strong></span> <span class='ocrx_word' id='word_1_338' title='bbox 2278 1520 2352 1569; x_wconf 82' lang='lat' dir='ltr'><strong>ita</strong></span> <span class='ocrx_word' id='word_1_339' title='bbox 2385 1518 2438 1567; x_wconf 89' lang='lat' dir='ltr'><strong>in</strong></span> <span class='ocrx_word' id='word_1_340' title='bbox 2459 1518 2646 1568; x_wconf 78' lang='lat' dir='ltr'><strong>Annal.</strong></span> <span class='ocrx_word' id='word_1_341' title='bbox 2669 1521 2834 1570; x_wconf 85' lang='lat' dir='ltr'><strong>stric-</strong></span> 
     </span>
     <span class='ocr_line' id='line_1_62' title="bbox 1763 1594 2834 1657; baseline 0 -15"><span class='ocrx_word' id='word_1_342' title='bbox 1763 1595 1883 1654; x_wconf 88' lang='lat' dir='ltr'><strong>tior,</strong></span> <span class='ocrx_word' id='word_1_343' title='bbox 1906 1595 2134 1656; x_wconf 87' lang='lat' dir='ltr'><strong>pressior</strong></span> <span class='ocrx_word' id='word_1_344' title='bbox 2152 1603 2204 1644; x_wconf 86' lang='lat' dir='ltr'><strong>et</strong></span> <span class='ocrx_word' id='word_1_345' title='bbox 2230 1594 2432 1657; x_wconf 74' lang='lat' dir='ltr'><strong>gravior</strong></span> <span class='ocrx_word' id='word_1_346' title='bbox 2449 1603 2552 1655; x_wconf 87' lang='lat' dir='ltr'><strong>est,</strong></span> <span class='ocrx_word' id='word_1_347' title='bbox 2575 1600 2631 1642; x_wconf 89' lang='lat' dir='ltr'><strong>et</strong></span> <span class='ocrx_word' id='word_1_348' title='bbox 2653 1594 2834 1644; x_wconf 82' lang='lat' dir='ltr'><strong>imita-</strong></span> 
     </span>
     <span class='ocr_line' id='line_1_63' title="bbox 1761 1668 2832 1735; baseline 0.002 -17"><span class='ocrx_word' id='word_1_349' title='bbox 1761 1677 1850 1719; x_wconf 87' lang='lat' dir='ltr'><strong>tur</strong></span> <span class='ocrx_word' id='word_1_350' title='bbox 1867 1671 1918 1719; x_wconf 89' lang='lat' dir='ltr'><strong>id</strong></span> <span class='ocrx_word' id='word_1_351' title='bbox 1943 1671 2080 1735; x_wconf 84' lang='lat' dir='ltr'><strong>quod</strong></span> <span class='ocrx_word' id='word_1_352' title='bbox 2104 1670 2310 1732; x_wconf 78' lang='lat' dir='ltr'><strong>dialogo</strong></span> <span class='ocrx_word' id='word_1_353' title='bbox 2348 1668 2588 1730; x_wconf 82' lang='lat' dir='ltr'><strong>babetur,</strong></span> <span class='ocrx_word' id='word_1_354' title='bbox 2606 1675 2622 1696; x_wconf 79' lang='lat'>⁸</span> <span class='ocrx_word' id='word_1_355' title='bbox 2645 1684 2832 1720; x_wconf 73' lang='lat' dir='ltr'><strong>sensus</strong></span> 
     </span>
     <span class='ocr_line' id='line_1_64' title="bbox 1761 1745 2832 1806; baseline 0 -12"><span class='ocrx_word' id='word_1_356' title='bbox 1761 1745 1932 1806; x_wconf 81' lang='lat' dir='ltr'><strong>tarda,</strong></span> <span class='ocrx_word' id='word_1_357' title='bbox 1963 1753 2019 1793; x_wconf 90' lang='lat' dir='ltr'><strong>et</strong></span> <span class='ocrx_word' id='word_1_358' title='bbox 2061 1745 2216 1794; x_wconf 87' lang='lat' dir='ltr'><strong>inerti</strong></span> <span class='ocrx_word' id='word_1_359' title='bbox 2253 1751 2514 1793; x_wconf 75' lang='lat' dir='ltr'><strong>structura</strong></span> <span class='ocrx_word' id='word_1_360' title='bbox 2551 1745 2604 1792; x_wconf 88' lang='lat' dir='ltr'><strong>in</strong></span> <span class='ocrx_word' id='word_1_361' title='bbox 2629 1759 2832 1794; x_wconf 75' lang='lat' dir='ltr'><strong>morem</strong></span> 
     </span>
     <span class='ocr_line' id='line_1_65' title="bbox 1761 1817 2831 1882; baseline 0.001 -14"><span class='ocrx_word' id='word_1_362' title='bbox 1761 1820 2036 1870; x_wconf 76' lang='lat' dir='ltr'><strong>Annalium</strong></span> <span class='ocrx_word' id='word_1_363' title='bbox 2060 1826 2434 1882; x_wconf 85' lang='lat' dir='ltr'><strong>componantur</strong></span> <span class='ocrx_word' id='word_1_364' title='bbox 2452 1817 2486 1878; x_wconf 89' lang='lat'><strong>;’</strong></span> <span class='ocrx_word' id='word_1_365' title='bbox 2521 1818 2572 1867; x_wconf 88' lang='lat' dir='ltr'><strong>in</strong></span> <span class='ocrx_word' id='word_1_366' title='bbox 2595 1819 2831 1869; x_wconf 78' lang='lat' dir='ltr'><strong>historiis</strong></span> 
     </span>
     <span class='ocr_line' id='line_1_66' title="bbox 1759 1894 2832 1946; baseline 0.002 -2"><span class='ocrx_word' id='word_1_367' title='bbox 1759 1911 1882 1946; x_wconf 78' lang='lat' dir='ltr'><strong>vero</strong></span> <span class='ocrx_word' id='word_1_368' title='bbox 1921 1894 2213 1945; x_wconf 81' lang='lat' dir='ltr'><strong>affluentior</strong></span> <span class='ocrx_word' id='word_1_369' title='bbox 2247 1901 2302 1946; x_wconf 87' lang='lat' dir='ltr'><strong>et</strong></span> <span class='ocrx_word' id='word_1_370' title='bbox 2342 1894 2611 1944; x_wconf 72' lang='lat' dir='ltr'><strong>facundior</strong></span> <span class='ocrx_word' id='word_1_371' title='bbox 2655 1909 2832 1946; x_wconf 80' lang='lat' dir='ltr'><strong>sermo</strong></span> 
     </span>
     <span class='ocr_line' id='line_1_67' title="bbox 1759 1970 2834 2034; baseline 0.001 -15"><span class='ocrx_word' id='word_1_372' title='bbox 1759 1977 1857 2020; x_wconf 85' lang='lat' dir='ltr'><strong>est.</strong></span> <span class='ocrx_word' id='word_1_373' title='bbox 1923 1971 2133 2020; x_wconf 84' lang='lat' dir='ltr'><strong>Pariter</strong></span> <span class='ocrx_word' id='word_1_374' title='bbox 2167 1970 2329 2034; x_wconf 75' lang='lat' dir='ltr'><strong>igitur</strong></span> <span class='ocrx_word' id='word_1_375' title='bbox 2360 1976 2416 2019; x_wconf 89' lang='lat' dir='ltr'><strong>et</strong></span> <span class='ocrx_word' id='word_1_376' title='bbox 2445 1970 2606 2018; x_wconf 86' lang='lat' dir='ltr'><strong>hocce</strong></span> <span class='ocrx_word' id='word_1_377' title='bbox 2629 1970 2834 2033; x_wconf 85' lang='lat' dir='ltr'><strong>libello,</strong></span> 
     </span>
     <span class='ocr_line' id='line_1_68' title="bbox 1759 2043 2834 2109; baseline 0.001 -14"><span class='ocrx_word' id='word_1_378' title='bbox 1759 2060 1878 2096; x_wconf 87' lang='lat' dir='ltr'><strong>cnm</strong></span> <span class='ocrx_word' id='word_1_379' title='bbox 1916 2045 1983 2094; x_wconf 90' lang='lat' dir='ltr'><strong>de</strong></span> <span class='ocrx_word' id='word_1_380' title='bbox 2025 2047 2330 2109; x_wconf 68' lang='lat' dir='ltr'><strong>eloquentia·</strong></span> <span class='ocrx_word' id='word_1_381' title='bbox 2368 2043 2520 2094; x_wconf 86' lang='lat' dir='ltr'><strong>laude</strong></span> <span class='ocrx_word' id='word_1_382' title='bbox 2555 2052 2614 2094; x_wconf 88' lang='lat' dir='ltr'><strong>et</strong></span> <span class='ocrx_word' id='word_1_383' title='bbox 2646 2047 2834 2096; x_wconf 66' lang='lat' dir='ltr'><strong>saculi</strong></span> 
     </span>
     <span class='ocr_line' id='line_1_69' title="bbox 1758 2121 2834 2186; baseline -0.001 -15"><span class='ocrx_word' id='word_1_384' title='bbox 1758 2122 1923 2186; x_wconf 83' lang='lat' dir='ltr'><strong>gloria</strong></span> <span class='ocrx_word' id='word_1_385' title='bbox 1959 2128 2224 2186; x_wconf 75' lang='lat' dir='ltr'><strong>ageretur,</strong></span> <span class='ocrx_word' id='word_1_386' title='bbox 2265 2135 2370 2172; x_wconf 88' lang='lat' dir='ltr'><strong>rem</strong></span> <span class='ocrx_word' id='word_1_387' title='bbox 2410 2121 2539 2169; x_wconf 86' lang='lat' dir='ltr'><strong>tanti</strong></span> <span class='ocrx_word' id='word_1_388' title='bbox 2575 2121 2834 2170; x_wconf 79' lang='lat' dir='ltr'><strong>momenti</strong></span> 
     </span>
     <span class='ocr_line' id='line_1_70' title="bbox 1746 2196 2834 2262; baseline -0.001 -15"><span class='ocrx_word' id='word_1_389' title='bbox 1746 2199 1857 2262; x_wconf 87' lang='lat' dir='ltr'><strong>jam</strong></span> <span class='ocrx_word' id='word_1_390' title='bbox 1893 2212 1996 2246; x_wconf 91' lang='lat' dir='ltr'><strong>non</strong></span> <span class='ocrx_word' id='word_1_391' title='bbox 2033 2199 2134 2246; x_wconf 88' lang='lat' dir='ltr'><strong>suis</strong></span> <span class='ocrx_word' id='word_1_392' title='bbox 2171 2196 2344 2246; x_wconf 86' lang='lat' dir='ltr'><strong>verbis</strong></span> <span class='ocrx_word' id='word_1_393' title='bbox 2385 2197 2491 2260; x_wconf 87' lang='lat' dir='ltr'><strong>ille,</strong></span> <span class='ocrx_word' id='word_1_394' title='bbox 2529 2196 2622 2246; x_wconf 87' lang='lat' dir='ltr'><strong>sed</strong></span> <span class='ocrx_word' id='word_1_395' title='bbox 2657 2197 2834 2248; x_wconf 59' lang='lat' dir='ltr'><strong>iide-</strong></span> 
     </span>
     <span class='ocr_line' id='line_1_71' title="bbox 1757 2271 2832 2342; baseline 0 -20"><span class='ocrx_word' id='word_1_396' title='bbox 1757 2273 1968 2322; x_wconf 77' lang='lat' dir='ltr'><strong>nameris</strong></span> <span class='ocrx_word' id='word_1_397' title='bbox 2003 2280 2059 2322; x_wconf 90' lang='lat' dir='ltr'><strong>et</strong></span> <span class='ocrx_word' id='word_1_398' title='bbox 2092 2271 2355 2322; x_wconf 73' lang='lat' dir='ltr'><strong>rationibus</strong></span> <span class='ocrx_word' id='word_1_399' title='bbox 2385 2279 2661 2342; x_wconf 78' lang='lat' dir='ltr'><strong>oratorum,</strong></span> <span class='ocrx_word' id='word_1_400' title='bbox 2698 2284 2832 2336; x_wconf 80' lang='lat' dir='ltr'><strong>quos</strong></span> 
     </span>
     <span class='ocr_line' id='line_1_72' title="bbox 1759 2347 2832 2412; baseline 0.001 -15"><span class='ocrx_word' id='word_1_401' title='bbox 1759 2349 1998 2398; x_wconf 84' lang='lat' dir='ltr'><strong>audierat</strong></span> <span class='ocrx_word' id='word_1_402' title='bbox 2040 2348 2268 2412; x_wconf 78' lang='lat' dir='ltr'><strong>juvenis,</strong></span> <span class='ocrx_word' id='word_1_403' title='bbox 2324 2347 2618 2411; x_wconf 83' lang='lat' dir='ltr'><strong>exequitur.</strong></span> <span class='ocrx_word' id='word_1_404' title='bbox 2683 2347 2832 2398; x_wconf 81' lang='lat' dir='ltr'><strong>Hine</strong></span> 
     </span>
     <span class='ocr_line' id='line_1_73' title="bbox 1766 2422 2833 2488; baseline -0.001 -14"><span class='ocrx_word' id='word_1_405' title='bbox 1766 2430 1908 2475; x_wconf 89' lang='lat' dir='ltr'><strong>totus</strong></span> <span class='ocrx_word' id='word_1_406' title='bbox 1931 2425 2062 2475; x_wconf 89' lang='lat' dir='ltr'><strong>alius</strong></span> <span class='ocrx_word' id='word_1_407' title='bbox 2099 2439 2129 2474; x_wconf 92' lang='lat' dir='ltr'><strong>a</strong></span> <span class='ocrx_word' id='word_1_408' title='bbox 2161 2439 2216 2474; x_wconf 87' lang='lat' dir='ltr'><strong>se</strong></span> <span class='ocrx_word' id='word_1_409' title='bbox 2238 2423 2350 2488; x_wconf 86' lang='lat' dir='ltr'><strong>ipso</strong></span> <span class='ocrx_word' id='word_1_410' title='bbox 2373 2423 2578 2472; x_wconf 78' lang='lat' dir='ltr'><strong>videtur</strong></span> <span class='ocrx_word' id='word_1_411' title='bbox 2599 2422 2700 2472; x_wconf 83' lang='lat' dir='ltr'><strong>boc</strong></span> <span class='ocrx_word' id='word_1_412' title='bbox 2723 2423 2833 2473; x_wconf 86' lang='lat' dir='ltr'><strong>dia-</strong></span> 
     </span>
     <span class='ocr_line' id='line_1_74' title="bbox 1763 2499 2832 2565; baseline 0.002 -17"><span class='ocrx_word' id='word_1_413' title='bbox 1763 2500 1916 2562; x_wconf 71' lang='lat' dir='ltr'><strong>logo;</strong></span> <span class='ocrx_word' id='word_1_414' title='bbox 1952 2501 2069 2565; x_wconf 87' lang='lat' dir='ltr'><strong>qnia</strong></span> <span class='ocrx_word' id='word_1_415' title='bbox 2093 2501 2202 2550; x_wconf 87' lang='lat' dir='ltr'><strong>scil.</strong></span> <span class='ocrx_word' id='word_1_416' title='bbox 2226 2501 2364 2550; x_wconf 80' lang='lat' dir='ltr'><strong>velut</strong></span> <span class='ocrx_word' id='word_1_417' title='bbox 2380 2499 2626 2562; x_wconf 72' lang='lat' dir='ltr'><strong>ascititia,</strong></span> <span class='ocrx_word' id='word_1_418' title='bbox 2645 2499 2832 2550; x_wconf 76' lang='lat' dir='ltr'><strong>indue-</strong></span> 
     </span>
     <span class='ocr_line' id='line_1_75' title="bbox 1765 2575 2828 2641; baseline 0.001 -16"><span class='ocrx_word' id='word_1_419' title='bbox 1765 2583 1838 2638; x_wconf 79' lang='grc' dir='ltr'>ιιι,</span> <span class='ocrx_word' id='word_1_420' title='bbox 1859 2583 1914 2626; x_wconf 88' lang='lat' dir='ltr'><strong>et</strong></span> <span class='ocrx_word' id='word_1_421' title='bbox 1936 2577 2080 2641; x_wconf 88' lang='lat' dir='ltr'><strong>quasi</strong></span> <span class='ocrx_word' id='word_1_422' title='bbox 2101 2577 2268 2626; x_wconf 83' lang='lat' dir='ltr'><strong>aliena</strong></span> <span class='ocrx_word' id='word_1_423' title='bbox 2300 2577 2597 2639; x_wconf 84' lang='lat' dir='ltr'><strong>eloquentia</strong></span> <span class='ocrx_word' id='word_1_424' title='bbox 2629 2575 2828 2626; x_wconf 82' lang='lat' dir='ltr'><strong>utitur:</strong></span> 
     </span>
     <span class='ocr_line' id='line_1_76' title="bbox 1763 2651 2832 2712; baseline 0 -12"><span class='ocrx_word' id='word_1_425' title='bbox 1763 2651 1836 2700; x_wconf 82' lang='lat' dir='ltr'><strong>ita</strong></span> <span class='ocrx_word' id='word_1_426' title='bbox 1859 2659 1916 2702; x_wconf 91' lang='lat' dir='ltr'><strong>ut</strong></span> <span class='ocrx_word' id='word_1_427' title='bbox 1936 2652 2021 2702; x_wconf 84' lang='lat' dir='ltr'><strong>bic</strong></span> <span class='ocrx_word' id='word_1_428' title='bbox 2043 2651 2257 2702; x_wconf 79' lang='lat' dir='ltr'><strong>formam</strong></span> <span class='ocrx_word' id='word_1_429' title='bbox 2283 2651 2439 2700; x_wconf 87' lang='lat' dir='ltr'><strong>animi</strong></span> <span class='ocrx_word' id='word_1_430' title='bbox 2471 2653 2547 2700; x_wconf 81' lang='lat' dir='ltr'><strong>sai</strong></span> <span class='ocrx_word' id='word_1_431' title='bbox 2567 2659 2624 2700; x_wconf 87' lang='lat' dir='ltr'><strong>et</strong></span> <span class='ocrx_word' id='word_1_432' title='bbox 2645 2651 2832 2712; x_wconf 67' lang='lat' dir='ltr'><strong>ung-cuii</strong></span> 
     </span>
     <span class='ocr_line' id='line_1_77' title="bbox 1761 2725 2830 2788; baseline 0.002 -14"><span class='ocrx_word' id='word_1_433' title='bbox 1761 2739 1862 2774; x_wconf 90' lang='lat' dir='ltr'><strong>non</strong></span> <span class='ocrx_word' id='word_1_434' title='bbox 1888 2725 2136 2776; x_wconf 86' lang='lat' dir='ltr'><strong>redderet</strong></span> <span class='ocrx_word' id='word_1_435' title='bbox 2176 2727 2409 2788; x_wconf 75' lang='lat' dir='ltr'><strong>Tacitus,</strong></span> <span class='ocrx_word' id='word_1_436' title='bbox 2431 2725 2524 2776; x_wconf 87' lang='lat' dir='ltr'><strong>sed</strong></span> <span class='ocrx_word' id='word_1_437' title='bbox 2561 2734 2830 2776; x_wconf 82' lang='lat' dir='ltr'><strong>oratorum</strong></span> 
     </span>
     <span class='ocr_line' id='line_1_78' title="bbox 1761 2801 2832 2866; baseline 0.002 -17"><span class='ocrx_word' id='word_1_438' title='bbox 1761 2801 2288 2865; x_wconf 83' lang='lat' dir='ltr'><strong>eloquentissimorum</strong></span> <span class='ocrx_word' id='word_1_439' title='bbox 2329 2801 2622 2851; x_wconf 80' lang='lat' dir='ltr'><strong>facundiam</strong></span> <span class='ocrx_word' id='word_1_440' title='bbox 2655 2803 2832 2866; x_wconf 80' lang='lat' dir='ltr'><strong>expri-</strong></span> 
     </span>
     <span class='ocr_line' id='line_1_79' title="bbox 1760 2873 2832 2940; baseline 0.004 -16"><span class='ocrx_word' id='word_1_441' title='bbox 1760 2881 1945 2938; x_wconf 87' lang='lat' dir='ltr'><strong>meret,</strong></span> <span class='ocrx_word' id='word_1_442' title='bbox 1967 2873 2207 2940; x_wconf 84' lang='lat' dir='ltr'><strong>referret,</strong></span> <span class='ocrx_word' id='word_1_443' title='bbox 2228 2877 2567 2940; x_wconf 81' lang='lat' dir='ltr'><strong>exscriberet,</strong></span> <span class='ocrx_word' id='word_1_444' title='bbox 2587 2879 2606 2904; x_wconf 88' lang='lat'>‘</span> <span class='ocrx_word' id='word_1_445' title='bbox 2621 2884 2832 2928; x_wconf 78' lang='lat' dir='ltr'><strong>servato</strong></span> 
     </span>
     <span class='ocr_line' id='line_1_80' title="bbox 1759 2951 2832 3017; baseline 0.004 -17"><span class='ocrx_word' id='word_1_446' title='bbox 1759 2966 1966 3016; x_wconf 88' lang='lat' dir='ltr'><strong>quoque</strong></span> <span class='ocrx_word' id='word_1_447' title='bbox 1987 2953 2191 3017; x_wconf 87' lang='lat' dir='ltr'><strong>[etiam]</strong></span> <span class='ocrx_word' id='word_1_448' title='bbox 2223 2952 2404 3002; x_wconf 86' lang='lat' dir='ltr'><strong>ordine</strong></span> <span class='ocrx_word' id='word_1_449' title='bbox 2427 2951 2795 3016; x_wconf 72' lang='lat' dir='ltr'><strong>disputationis</strong></span> <span class='ocrx_word' id='word_1_450' title='bbox 2815 2972 2832 3004; x_wconf 70' lang='grc' dir='ltr'>ς</span> 
     </span>
     <span class='ocr_line' id='line_1_81' title="bbox 1759 3025 2832 3092; baseline 0.005 -18"><span class='ocrx_word' id='word_1_451' title='bbox 1759 3027 1859 3091; x_wconf 88' lang='lat' dir='ltr'><strong>[ita</strong></span> <span class='ocrx_word' id='word_1_452' title='bbox 1880 3033 1941 3078; x_wconf 87' lang='lat' dir='ltr'><strong>ut</strong></span> <span class='ocrx_word' id='word_1_453' title='bbox 1954 3025 2092 3091; x_wconf 85' lang='lat' dir='ltr'><strong>jam]</strong></span> <span class='ocrx_word' id='word_1_454' title='bbox 2129 3042 2231 3076; x_wconf 89' lang='lat' dir='ltr'><strong>non</strong></span> <span class='ocrx_word' id='word_1_455' title='bbox 2263 3027 2489 3092; x_wconf 77' lang='lat' dir='ltr'><strong>ingenio,</strong></span> <span class='ocrx_word' id='word_1_456' title='bbox 2511 3029 2603 3078; x_wconf 86' lang='lat' dir='ltr'><strong>sed</strong></span> <span class='ocrx_word' id='word_1_457' title='bbox 2629 3037 2832 3080; x_wconf 82' lang='lat' dir='ltr'><strong>tantum</strong></span> 
     </span>
     <span class='ocr_line' id='line_1_82' title="bbox 1760 3104 2834 3168; baseline 0.005 -18"><span class='ocrx_word' id='word_1_458' title='bbox 1760 3104 2008 3152; x_wconf 75' lang='lat' dir='ltr'><strong>memoria</strong></span> <span class='ocrx_word' id='word_1_459' title='bbox 2022 3118 2084 3152; x_wconf 86' lang='lat' dir='ltr'><strong>ac</strong></span> <span class='ocrx_word' id='word_1_460' title='bbox 2115 3104 2468 3153; x_wconf 76' lang='lat' dir='ltr'><strong>recordatione</strong></span> <span class='ocrx_word' id='word_1_461' title='bbox 2488 3119 2620 3168; x_wconf 88' lang='lat' dir='ltr'><strong>opus</strong></span> <span class='ocrx_word' id='word_1_462' title='bbox 2649 3104 2834 3168; x_wconf 66' lang='lat' dir='ltr'><strong>senet,</strong></span> 
     </span>
     <span class='ocr_line' id='line_1_83' title="bbox 1759 3178 2832 3243; baseline 0.005 -18"><span class='ocrx_word' id='word_1_463' title='bbox 1759 3184 1821 3226; x_wconf 89' lang='lat' dir='ltr'><strong>ut</strong></span> <span class='ocrx_word' id='word_1_464' title='bbox 1842 3178 1954 3226; x_wconf 86' lang='lat' dir='ltr'><strong>scil.</strong></span> <span class='ocrx_word' id='word_1_465' title='bbox 1986 3179 2128 3243; x_wconf 79' lang='lat' dir='ltr'><strong>qnae]</strong></span> <span class='ocrx_word' id='word_1_466' title='bbox 2161 3193 2194 3227; x_wconf 84' lang='lat' dir='ltr'><strong>a</strong></span> <span class='ocrx_word' id='word_1_467' title='bbox 2235 3180 2668 3242; x_wconf 66' lang='lat' dir='ltr'><strong>praestantissimis</strong></span> <span class='ocrx_word' id='word_1_468' title='bbox 2704 3180 2832 3230; x_wconf 81' lang='lat' dir='ltr'><strong>viris</strong></span> 
     </span>
     <span class='ocr_line' id='line_1_84' title="bbox 1763 3254 2834 3320; baseline 0.004 -18"><span class='ocrx_word' id='word_1_469' title='bbox 1763 3259 1818 3302; x_wconf 90' lang='lat' dir='ltr'><strong>et</strong></span> <span class='ocrx_word' id='word_1_470' title='bbox 1840 3254 2130 3316; x_wconf 80' lang='lat' dir='ltr'><strong>excogitata</strong></span> <span class='ocrx_word' id='word_1_471' title='bbox 2153 3255 2415 3304; x_wconf 87' lang='lat' dir='ltr'><strong>subtiliter</strong></span> <span class='ocrx_word' id='word_1_472' title='bbox 2445 3261 2503 3304; x_wconf 89' lang='lat' dir='ltr'><strong>et</strong></span> <span class='ocrx_word' id='word_1_473' title='bbox 2535 3255 2680 3306; x_wconf 87' lang='lat' dir='ltr'><strong>dicta</strong></span> <span class='ocrx_word' id='word_1_474' title='bbox 2713 3271 2834 3320; x_wconf 75' lang='lat' dir='ltr'><strong>gra-</strong></span> 
     </span>
     <span class='ocr_line' id='line_1_85' title="bbox 1763 3327 2834 3392; baseline 0.002 -15"><span class='ocrx_word' id='word_1_475' title='bbox 1763 3328 1923 3388; x_wconf 80' lang='lat' dir='ltr'><strong>viter,</strong></span> <span class='ocrx_word' id='word_1_476' title='bbox 1945 3327 2258 3392; x_wconf 84' lang='lat' dir='ltr'><strong>acceperat,&#39;</strong></span> <span class='ocrx_word' id='word_1_477' title='bbox 2282 3329 2600 3379; x_wconf 82' lang='lat' dir='ltr'><strong>enuntiaret.</strong></span> <span class='ocrx_word' id='word_1_478' title='bbox 2663 3331 2738 3380; x_wconf 80' lang='lat' dir='ltr'><strong>Et</strong></span> <span class='ocrx_word' id='word_1_479' title='bbox 2757 3329 2834 3384; x_wconf 77' lang='lat' dir='ltr'><strong>fe·</strong></span> 
     </span>
     <span class='ocr_line' id='line_1_86' title="bbox 1767 3403 2834 3470; baseline 0.003 -17"><span class='ocrx_word' id='word_1_480' title='bbox 1767 3403 1843 3453; x_wconf 86' lang='lat' dir='ltr'><strong>cit</strong></span> <span class='ocrx_word' id='word_1_481' title='bbox 1863 3405 1944 3452; x_wconf 84' lang='lat' dir='ltr'><strong>bic</strong></span> <span class='ocrx_word' id='word_1_482' title='bbox 1967 3404 2177 3452; x_wconf 86' lang='lat' dir='ltr'><strong>Tacitus</strong></span> <span class='ocrx_word' id='word_1_483' title='bbox 2197 3405 2251 3453; x_wconf 90' lang='lat' dir='ltr'><strong>id</strong></span> <span class='ocrx_word' id='word_1_484' title='bbox 2274 3405 2462 3470; x_wconf 89' lang='lat' dir='ltr'><strong>ipsum,</strong></span> <span class='ocrx_word' id='word_1_485' title='bbox 2477 3405 2614 3470; x_wconf 84' lang='lat' dir='ltr'><strong>quod</strong></span> <span class='ocrx_word' id='word_1_486' title='bbox 2632 3406 2834 3456; x_wconf 79' lang='lat' dir='ltr'><strong>descri-</strong></span> 
     </span>
     <span class='ocr_line' id='line_1_87' title="bbox 1763 3477 2833 3547; baseline 0.007 -21"><span class='ocrx_word' id='word_1_487' title='bbox 1763 3478 1906 3527; x_wconf 87' lang='lat' dir='ltr'><strong>bitur</strong></span> <span class='ocrx_word' id='word_1_488' title='bbox 1949 3477 2085 3528; x_wconf 79' lang='lat' dir='ltr'><strong>infra</strong></span> <span class='ocrx_word' id='word_1_489' title='bbox 2125 3479 2288 3530; x_wconf 86' lang='lat' dir='ltr'><strong>hocce</strong></span> <span class='ocrx_word' id='word_1_490' title='bbox 2332 3481 2538 3546; x_wconf 79' lang='lat' dir='ltr'><strong>dialogo</strong></span> <span class='ocrx_word' id='word_1_491' title='bbox 2577 3497 2695 3547; x_wconf 84' lang='lat' dir='ltr'><strong>cap.</strong></span> <span class='ocrx_word' id='word_1_492' title='bbox 2745 3488 2833 3533; x_wconf 70' lang='lat'><strong>14.</strong></span> 
     </span>
     <span class='ocr_line' id='line_1_88' title="bbox 1765 3553 2834 3622; baseline 0.004 -18"><span class='ocrx_word' id='word_1_493' title='bbox 1765 3555 1780 3582; x_wconf 86' lang='lat'>‘</span> <span class='ocrx_word' id='word_1_494' title='bbox 1805 3553 2134 3604; x_wconf 80' lang='lat' dir='ltr'><strong>Delectasset</strong></span> <span class='ocrx_word' id='word_1_495' title='bbox 2165 3556 2299 3605; x_wconf 90' lang='lat' dir='ltr'><strong>enim</strong></span> <span class='ocrx_word' id='word_1_496' title='bbox 2324 3564 2377 3606; x_wconf 88' lang='lat' dir='ltr'><strong>te</strong></span> <span class='ocrx_word' id='word_1_497' title='bbox 2415 3565 2471 3608; x_wconf 87' lang='lat' dir='ltr'><strong>et</strong></span> <span class='ocrx_word' id='word_1_498' title='bbox 2507 3558 2637 3622; x_wconf 82' lang='lat' dir='ltr'><strong>Apri</strong></span> <span class='ocrx_word' id='word_1_499' title='bbox 2659 3559 2834 3609; x_wconf 80' lang='lat' dir='ltr'><strong>nostri</strong></span> 
     </span>
     <span class='ocr_line' id='line_1_89' title="bbox 1763 3630 2834 3694; baseline 0.005 -16"><span class='ocrx_word' id='word_1_500' title='bbox 1763 3630 2176 3679; x_wconf 73' lang='lat' dir='ltr'><strong>accuratissimus</strong></span> <span class='ocrx_word' id='word_1_501' title='bbox 2215 3645 2399 3694; x_wconf 83' lang='lat' dir='ltr'><strong>sermo,</strong></span> <span class='ocrx_word' id='word_1_502' title='bbox 2454 3647 2568 3682; x_wconf 88' lang='lat' dir='ltr'><strong>cum</strong></span> <span class='ocrx_word' id='word_1_503' title='bbox 2627 3633 2834 3683; x_wconf 78' lang='lat' dir='ltr'><strong>Mater-</strong></span> 
     </span>
     <span class='ocr_line' id='line_1_90' title="bbox 1761 3706 2832 3769; baseline 0.007 -18"><span class='ocrx_word' id='word_1_504' title='bbox 1761 3717 1902 3765; x_wconf 88' lang='lat' dir='ltr'><strong>num,</strong></span> <span class='ocrx_word' id='word_1_505' title='bbox 1925 3711 1984 3752; x_wconf 90' lang='lat' dir='ltr'><strong>ut</strong></span> <span class='ocrx_word' id='word_1_506' title='bbox 2021 3718 2170 3753; x_wconf 90' lang='lat' dir='ltr'><strong>omne</strong></span> <span class='ocrx_word' id='word_1_507' title='bbox 2207 3706 2470 3769; x_wconf 84' lang='lat' dir='ltr'><strong>ingenium</strong></span> <span class='ocrx_word' id='word_1_508' title='bbox 2507 3721 2568 3756; x_wconf 87' lang='lat' dir='ltr'><strong>ac</strong></span> <span class='ocrx_word' id='word_1_509' title='bbox 2596 3706 2832 3758; x_wconf 83' lang='lat' dir='ltr'><strong>studium</strong></span> 
     </span>
     <span class='ocr_line' id='line_1_91' title="bbox 1763 3779 2834 3846; baseline 0.004 -18"><span class='ocrx_word' id='word_1_510' title='bbox 1763 3793 1908 3828; x_wconf 88' lang='lat' dir='ltr'><strong>suum</strong></span> <span class='ocrx_word' id='word_1_511' title='bbox 1934 3779 1998 3828; x_wconf 82' lang='lat' dir='ltr'><strong>ad</strong></span> <span class='ocrx_word' id='word_1_512' title='bbox 2023 3794 2201 3828; x_wconf 80' lang='lat' dir='ltr'><strong>causas</strong></span> <span class='ocrx_word' id='word_1_513' title='bbox 2235 3781 2454 3843; x_wconf 75' lang='lat' dir='ltr'><strong>agendas</strong></span> <span class='ocrx_word' id='word_1_514' title='bbox 2477 3789 2834 3846; x_wconf 80' lang='lat' dir='ltr'><strong>converteret,</strong></span> 
     </span>
     <span class='ocr_line' id='line_1_92' title="bbox 1763 3855 2832 3920; baseline 0.003 -17"><span class='ocrx_word' id='word_1_515' title='bbox 1763 3855 2070 3904; x_wconf 76' lang='lat' dir='ltr'><strong>exhortatus</strong></span> <span class='ocrx_word' id='word_1_516' title='bbox 2103 3863 2217 3904; x_wconf 83' lang='lat' dir='ltr'><strong>est:</strong></span> <span class='ocrx_word' id='word_1_517' title='bbox 2265 3862 2320 3904; x_wconf 89' lang='lat' dir='ltr'><strong>et</strong></span> <span class='ocrx_word' id='word_1_518' title='bbox 2343 3857 2566 3905; x_wconf 79' lang='lat' dir='ltr'><strong>Materni</strong></span> <span class='ocrx_word' id='word_1_519' title='bbox 2591 3871 2686 3920; x_wconf 89' lang='lat' dir='ltr'><strong>pro</strong></span> <span class='ocrx_word' id='word_1_520' title='bbox 2709 3871 2832 3906; x_wconf 82' lang='lat' dir='ltr'><strong>car-</strong></span> 
     </span>
     <span class='ocr_line' id='line_1_93' title="bbox 1763 3928 2835 3996; baseline 0.005 -20"><span class='ocrx_word' id='word_1_521' title='bbox 1763 3928 1984 3977; x_wconf 73' lang='lat' dir='ltr'><strong>minibus</strong></span> <span class='ocrx_word' id='word_1_522' title='bbox 2022 3928 2128 3978; x_wconf 87' lang='lat' dir='ltr'><strong>suis</strong></span> <span class='ocrx_word' id='word_1_523' title='bbox 2163 3929 2302 3990; x_wconf 76' lang='lat' dir='ltr'><strong>laeta,</strong></span> <span class='ocrx_word' id='word_1_524' title='bbox 2341 3937 2502 3995; x_wconf 88' lang='lat' dir='ltr'><strong>utque</strong></span> <span class='ocrx_word' id='word_1_525' title='bbox 2525 3933 2708 3996; x_wconf 64' lang='lat' dir='ltr'><strong>poetas</strong></span> <span class='ocrx_word' id='word_1_526' title='bbox 2733 3931 2835 3982; x_wconf 85' lang='lat' dir='ltr'><strong>de-</strong></span> 
     </span>
     <span class='ocr_line' id='line_1_94' title="bbox 1760 4003 2830 4072; baseline 0.006 -21"><span class='ocrx_word' id='word_1_527' title='bbox 1760 4003 1907 4052; x_wconf 83' lang='lat' dir='ltr'><strong>fendi</strong></span> <span class='ocrx_word' id='word_1_528' title='bbox 1944 4003 2185 4067; x_wconf 87' lang='lat' dir='ltr'><strong>decebat,</strong></span> <span class='ocrx_word' id='word_1_529' title='bbox 2217 4005 2504 4068; x_wconf 81' lang='lat' dir='ltr'><strong>audentior,</strong></span> <span class='ocrx_word' id='word_1_530' title='bbox 2527 4007 2830 4072; x_wconf 65' lang='lat' dir='ltr'><strong>poetarum,</strong></span> 
     </span>
     <span class='ocr_line' id='line_1_95' title="bbox 1761 4081 2836 4144; baseline 0.006 -16"><span class='ocrx_word' id='word_1_531' title='bbox 1761 4093 1913 4144; x_wconf 85' lang='lat' dir='ltr'><strong>qnam</strong></span> <span class='ocrx_word' id='word_1_532' title='bbox 1943 4087 2202 4129; x_wconf 85' lang='lat' dir='ltr'><strong>oratorum</strong></span> <span class='ocrx_word' id='word_1_533' title='bbox 2235 4081 2446 4130; x_wconf 87' lang='lat' dir='ltr'><strong>similior</strong></span> <span class='ocrx_word' id='word_1_534' title='bbox 2479 4083 2680 4132; x_wconf 68' lang='lat' dir='ltr'><strong>oratio!</strong></span> <span class='ocrx_word' id='word_1_535' title='bbox 2747 4085 2836 4134; x_wconf 71' lang='lat'><strong>81-</strong></span> 
     </span>
     <span class='ocr_line' id='line_1_96' title="bbox 1757 4153 2832 4226; baseline 0.007 -22"><span class='ocrx_word' id='word_1_536' title='bbox 1757 4154 1950 4204; x_wconf 86' lang='lat' dir='ltr'><strong>militer</strong></span> <span class='ocrx_word' id='word_1_537' title='bbox 1983 4161 2039 4206; x_wconf 80' lang='lat' dir='ltr'><strong>et</strong></span> <span class='ocrx_word' id='word_1_538' title='bbox 2073 4153 2156 4204; x_wconf 84' lang='lat' dir='ltr'><strong>hic</strong></span> <span class='ocrx_word' id='word_1_539' title='bbox 2189 4155 2422 4222; x_wconf 82' lang='lat' dir='ltr'><strong>Tacitus,</strong></span> <span class='ocrx_word' id='word_1_540' title='bbox 2453 4157 2600 4222; x_wconf 80' lang='lat' dir='ltr'><strong>quasi</strong></span> <span class='ocrx_word' id='word_1_541' title='bbox 2623 4157 2832 4226; x_wconf 75' lang='lat' dir='ltr'><strong>seipso</strong></span> 
     </span>
    </p>
   </div>
  </div>
 </body>
</html>
