3175 4934
1343 392 1408 453 α’.
1453 404 1651 451 comt
1668 400 1815 457 nnn
1862 373 2118 449 'riom

633 565 986 619 servemur.
1037 548 1314 631 ‚Virtam
1373 564 1572 629 porro
1624 564 1709 609 ae
1760 542 2017 607 ferocia
2082 540 2533 633 subjectorum
2585 537 2858 619 ingrata

635 654 1150 737 imperantibus:
1193 654 1260 713 et
1302 648 1755 731 longinquitas
1794 650 1887 709 nc'
1918 648 2300 709 secretum'
2326 643 2553 726 ipsum
2584 660 2719 725 qno
2740 644 2859 703 tn-

634 847 831 883 vemur.
897 835 1142 883 Ceterum
1163 832 1415 883 fortitudo
1442 837 1601 896 atque
1624 828 1845 878 audacia
1866 826 2191 876 subditorum
2226 825 2397 873 invisa
2432 819 2855 871 dominantibus:

638 904 696 949 et
717 912 952 949 recessus
969 899 1211 963 sinusque
1225 899 1338 963 ipse
1357 911 1460 962 qno
1476 895 1731 957 securior,
1744 906 1809 943 eo
1828 891 2117 956 suspectior
2129 896 2217 939 est.
2265 890 2373 951 Sic,
2384 886 2593 937 ademta
2608 898 2703 949 spe
2721 884 2861 933 salu·

1634 1094 1854 1147 NOTAE

639 1236 702 1281 nt
735 1236 936 1279 taceam
976 1231 1301 1279 metallorum
1340 1230 1534 1293 largam
1571 1229 1707 1278 vari·

640 1320 823 1371 amque
848 1306 1070 1371 copiam,
1088 1306 1272 1371 quibus
1299 1306 1588 1355 Britanniae
1628 1320 1706 1354 so-

637 1382 746 1432 lnm
791 1382 1017 1449 nudique
1059 1398 1304 1447 generum
1353 1384 1515 1447 pollet
1559 1382 1705 1433 venis

637 1456 1019 1523 locupletibus!

707 1532 876 1583 Credo
895 1534 1310 1584 conciliationem
1333 1551 1466 1596 esse,
1483 1535 1619 1600 qnod
1644 1550 1705 1585 ea

641 1606 822 1658 insnlae
868 1623 1005 1672 pars,
1038 1626 1154 1676 quse
1197 1611 1407 1675 proprie
1447 1610 1707 1659 Britannia

639 1690 989 1747 nuncupatur,
1023 1684 1286 1749 magisque
1332 1691 1455 1735 tuuc
1494 1687 1707 1750 cognita

642 1766 778 1823 erat,
817 1759 966 1810 ferax
1020 1762 1342 1810 metallorum
1384 1768 1554 1811 esset:
1605 1775 1706 1811 non

639 1842 814 1887 antem
842 1838 1112 1886 Caledonia.
1175 1837 1340 1887 Immo
1363 1835 1430 1886 ad
1452 1837 1586 1888 hanc
1610 1834 1707 1886 dif-

639 1910 920 1961 ferentiam
960 1912 1244 1977 respiciunt
1268 1912 1535 1975 caledonii,
1558 1911 1705 1978 quasi

642 1985 842 2049 dicant,
881 2003 981 2038 non
1022 1994 1143 2039 sunt
1179 1988 1292 2037 haee
1330 1988 1470 2051 apud
1505 2003 1615 2051 nos,
1649 1994 1706 2037 ut

643 2062 779 2127 apud
805 2064 1028 2127 reliquos
1050 2063 1346 2113 Britannos.
1383 2064 1609 2115 Pictum.

706 2139 811 2189 Aac
832 2138 1043 2202 metalla]
1075 2140 1248 2191 Quid?
1270 2154 1439 2189 nonne
1459 2146 1580 2189 ante
1600 2138 1705 2189 dic-

644 2222 752 2267 tum
775 2222 876 2277 est,
900 2231 1067 2265 aarum
1087 2221 1134 2267 et
1157 2220 1406 2278 argentum
1429 2218 1477 2265 in
1501 2216 1707 2267 Britan·

644 2292 729 2342 nia
752 2292 902 2340 esse?
943 2292 1155 2341 Dictum
1181 2300 1290 2342 est:
1328 2293 1417 2341 sed
1437 2294 1516 2342 bic
1542 2292 1609 2341 de
1632 2307 1706 2340 se-

641 2384 698 2418 se
743 2369 988 2418 caledonii
1032 2370 1315 2432 loquuntur
1359 2376 1414 2418 et
1457 2370 1710 2434 sentiunt,

643 2444 730 2493 ubi
769 2454 893 2493 tunc
932 2444 1056 2493 nihil
1096 2445 1296 2493 horum.
1360 2445 1497 2495 Aren
1533 2452 1707 2494 autem

573 2532 584 2541 ·
643 2533 743 2569 non
778 2532 921 2579 esse;
956 2534 1088 2584 cape
1125 2520 1213 2569 illa
1237 2520 1431 2570 fertilia
1454 2528 1510 2571 et
1550 2521 1709 2585 gleba

644 2596 821 2646 ubere.
861 2594 1075 2658 Lipsius.

707 2672 810 2719 Ant
829 2669 1042 2733 metalla]
1091 2670 1220 2722 Qnae
1253 2672 1352 2721 etsi
1389 2670 1710 2722 invenissent

643 2744 695 2795 in
717 2746 797 2795 his
819 2744 1113 2811 regionibus
1139 2747 1407 2810 pra-dones
1447 2746 1550 2811 isti,
1584 2748 1707 2795 mal·

641 2822 752 2874 lent
779 2830 954 2873 tamen
977 2838 1042 2873 ex
1066 2824 1209 2873 venis
1231 2823 1489 2872 hominnm
1525 2836 1711 2873 eruere

641 2916 841 2964 aurum,
862 2916 1014 2968 quam
1040 2914 1105 2950 ex
1125 2900 1268 2951 venis
1293 2907 1381 2950 aut
1403 2900 1525 2949 rivis
1549 2906 1711 2949 terra·

642 2992 784 3040 rum3
820 2977 958 3045 quod
981 2978 1232 3027 describit
1259 2976 1483 3027 facunde
1507 2976 1707 3040 Paneg-

640 3054 844 3105 Themi.
877 3054 894 3083 ‘
921 3056 1033 3105 Nee
1069 3055 1205 3105 enim
1231 3056 1315 3117 qui
1354 3054 1562 3118 regibus
1598 3068 1709 3103 mos

642 3139 743 3192 est,
783 3132 1086 3181 exercendis
1127 3130 1428 3193 inviligabat
1464 3130 1709 3191 metallis,

643 3212 703 3255 ut
741 3206 961 3255 latentia
994 3214 1189 3254 naturae
1215 3204 1350 3253 bona
1383 3204 1434 3253 in
1460 3218 1605 3251 usum
1631 3218 1709 3252 ar-

641 3287 892 3342 cesseret,
927 3286 983 3328 et
1023 3287 1234 3340 pararet
1277 3278 1510 3327 innoxias
1565 3278 1710 3328 nullo

640 3356 951 3420 pauperiore
974 3352 1200 3403 divitias,
1255 3354 1446 3403 Parum
1479 3354 1566 3403 ille
1593 3368 1708 3418 pre-

641 3430 830 3479 tiosum
858 3430 1073 3494 putabat
1094 3444 1294 3492 nurum,
1315 3430 1453 3496 quod
1476 3431 1541 3480 de
1567 3444 1707 3479 inon-

643 3505 771 3556 tium
791 3508 949 3572 venis,
967 3515 1054 3556 aut
1073 3506 1336 3558 fluminum
1363 3508 1551 3573 glareis
1566 3522 1707 3574 qnae·

641 3584 771 3634 sitor
793 3584 1001 3657 Bessus7
1029 3592 1289 3635 scrutator
1313 3584 1570 3635 Callaicus
1594 3598 1708 3632 eru·

641 3658 802 3709 isset:
872 3660 999 3709 iliud
1056 3662 1230 3725 purius
1291 3660 1708 3725 splendidiusque

641 3736 908 3800 credebat,
950 3736 1086 3801 quod
1131 3736 1398 3787 dedissent
1437 3736 1707 3797 dolentes3

640 3814 778 3877 qnod
804 3814 1059 3863 hominnm
1080 3814 1343 3879 lacryma‘,
1359 3828 1460 3863 non
1483 3812 1708 3862 amnium

641 3902 790 3953 nqnae
843 3890 1130 3939 abluissent
1166 3904 1180 3950 ;
1237 3904 1332 3939 nec
1388 3904 1418 3939 e
1483 3888 1707 3938 terrenis

642 3967 901 4030 specubus
942 3975 1194 4029 egestum,
1259 3964 1352 4014 sed
1414 3981 1441 4015 e
1498 3964 1709 4014 cervici-

641 4040 737 4091 bus
772 4042 1070 4107 jugulisque
1099 4056 1351 4092 caesorum
1376 4046 1514 4091 esset
1558 4038 1709 4089 effos-

643 4116 794 4167 snm!

707 4193 864 4259 Arva]
897 4194 1018 4243 Non
1045 4198 1217 4243 tamen
1240 4192 1348 4242 sine
1374 4208 1525 4243 sensu
1547 4192 1709 4258 legas,

643 4284 792 4320 cmo.
859 4270 996 4321 Nam
1048 4277 1232 4335 gentes
1275 4268 1585 4334 tributariae,
1616 4284 1708 4319 seu

1786 1226 2153 1292 stipendiario,
2227 1218 2637 1286 suppeditabant
2696 1218 2859 1269 etiam

1788 1317 1945 1364 arma,
1968 1316 2069 1353 non
2092 1301 2259 1350 solum
2278 1298 2332 1347 in
2355 1296 2583 1357 delectu,
2603 1300 2663 1343 nt
2698 1294 2861 1343 Bata·

1788 1378 1858 1441 vi,
1881 1378 1969 1444 qni
1991 1392 2125 1426 arma
2155 1378 2370 1437 virosque
2408 1370 2627 1436 imperio
2669 1368 2863 1417 submi-

1789 1458 2096 1516 nistrabant,
2116 1454 2209 1505 sed
2232 1454 2388 1503 etiam
2426 1450 2701 1515 aliquando
2723 1462 2863 1498 σιω

1788 1535 1984 1585 dabant
2004 1532 2277 1583 civitates:
2312 1529 2389 1578 sic
2414 1526 2585 1588 AEdni,
2602 1526 2861 1576 exercitui

1786 1608 2008 1669 Vitellii,
2028 1622 2145 1657 cum
2169 1607 2220 1655 in
2242 1606 2450 1655 Italiam
2478 1602 2745 1664 transiret,
2766 1602 2867 1651 1³·-

1786 1684 1870 1734 bio
1892 1684 2117 1733 Valente
2147 1682 2301 1743 duce,
2321 1694 2464 1729 arma
2500 1678 2862 1741 praebnerunt.

1788 1760 1874 1810 Sic
1918 1764 1974 1809 et
2008 1758 2382 1823 Lugdunenses
2418 1754 2863 1817 Viennensesqne.

1785 1836 1903 1886 Nee
1944 1841 2051 1885 tam
2092 1833 2309 1883 mulctati
2352 1830 2501 1880 armis
2539 1830 2593 1877 in
2650 1842 2863 1893 poenam

1777 1912 1934 1978 (quid
1974 1912 2113 1961 enim
2148 1908 2511 1959 commiserant
2528 1903 2573 1969 ?)
2607 1918 2765 1970 quam
2804 1908 2863 1954 ut

1788 1994 2048 2038 armarent
2072 1986 2268 2037 tirones
2288 1982 2614 2033 Vitellianos.

1852 2068 1923 2117 Et
1960 2067 1996 2116 l.
2029 2079 2067 2114 ι.
2107 2068 2188 2113 71.
2214 2078 2332 2113 cum
2352 2060 2617 2111 exercitus
2640 2058 2864 2109 Germa·

1786 2143 1893 2192 nici
1918 2142 2172 2191 amisisset
2196 2152 2291 2203 per
2309 2136 2545 2187 aestuaria
2563 2144 2617 2183 et
2639 2133 2867 2199 palude·

1788 2216 2128 2269 Germanicas
2186 2215 2451 2279 jumenta,
2504 2213 2754 2273 sarcinas,
2804 2216 2865 2260 et

1790 2308 1949 2359 arma,
1988 2292 2135 2343 tum‘
2162 2291 2228 2341 ad
2265 2290 2553 2353 supplenda
2592 2286 2863 2337 exercitus

1789 2370 1995 2431 damna,
2034 2373 2304 2417 certavere
2329 2365 2537 2427 Ganiae,
2568 2362 2866 2427 Hispania,

1789 2444 1962 2508 Italia,
1984 2443 2122 2509 qnod
2166 2442 2351 2506 cuique
2389 2448 2668 2504 promtum,
2701 2454 2867 2503 arma,

1786 2536 1965 2586 eqnos,
2028 2534 2210 2570 aurum
2264 2516 2581 2568 offerentes:
2638 2530 2865 2581 quornm

1786 2597 2000 2647 laudato
2055 2596 2228 2647 studio
2284 2596 2649 2655 Germanicus,
2706 2594 2865 2642 armis

1787 2673 1941 2721 modo
1964 2660 2017 2722 et
2040 2673 2187 2739 equis
2207 2671 2273 2720 ad
2295 2670 2487 2721 bellum
2508 2669 2711 2731 sumtis,
2746 2684 2867 2733 pro-

1775 2746 1906 2812 ·pria
1942 2748 2167 2812 pecunia
2203 2747 2421 2797 militem
2447 2746 2625 2811 juvit:
2691 2746 2781 2796 Sic
2808 2753 2866 2796 et

1790 2825 1828 2875 1.
1850 2840 1913 2875 ιι.
1934 2830 1982 2876 8.

1854 2900 1930 2951 At
1966 2900 2235 2952 Caledonii
2272 2914 2375 2949 non
2412 2898 2676 2951 habebant
2703 2916 2869 2964 amn,

1790 2978 1909 3042 qnia
1946 2992 2043 3028 nec
2072 2976 2284 3027 metalla
2306 2976 2595 3038 eruebant;
2630 2978 2869 3028 advecti·

1792 3054 1876 3103 tiis
1920 3053 2073 3102 umis
2114 3054 2417 3113 utebantur,
2450 3053 2797 3117 emebantque
2833 3067 2866 3104 a

1788 3129 1989 3179 vicinis.
2041 3130 2111 3178 Et
2132 3129 2245 3193 quis
2269 3128 2470 3189 credat,
2495 3144 2592 3177 non
2618 3130 2865 3180 habuisse

1790 3206 1905 3255 illos
1928 3202 2083 3255 area?
2117 3220 2232 3254 cum
2278 3212 2335 3255 et
2374 3204 2703 3265 fertilitatem
2748 3206 2865 3255 Bri-

1790 3280 1978 3330 tannim
2004 3280 2181 3330 laudet
2207 3282 2318 3343 ipse
2342 3280 2605 3345 Agricola,
2642 3287 2698 3331 et
2737 3282 2866 3345 ipsis

1788 3354 2103 3406 frumentum
2145 3357 2563 3421 imperareturin
2605 3356 2865 3407 annonam

1789 3432 2175 3499 subsidiumque
2195 3434 2455 3483 militum?

1851 3509 1986 3558 Arta
2016 3510 2174 3573 igitur
2212 3510 2294 3559 hic
2330 3508 2603 3558 memorari
2642 3516 2821 3574 putem
2844 3527 2861 3559 e

1788 3592 1909 3634 sunt
1946 3585 2139 3653 quippe
2192 3586 2304 3635 haec
2351 3586 2453 3633 tria
2504 3586 2792 3649 praecipue,
2828 3598 2863 3633 e

1788 3660 1977 3727 quibus
2004 3662 2198 3711 tributa
2221 3676 2313 3710 seu
2336 3660 2618 3725 vectigalia
2660 3660 2768 3709 erui
2801 3668 2868 3712 et

1789 3742 1965 3803 augeri
2021 3739 2255 3805 possint;
2312 3754 2499 3803 nempe
2551 3754 2753 3788 annona
2792 3754 2865 3789 ex

1790 3816 1949 3875 ‹ir-viu
1982 3832 2045 3865 ex
2078 3817 2297 3867 metallis
2321 3832 2466 3880 opes,
2487 3832 2646 3878 arma,
2665 3816 2865 3881 stipen-

1791 3892 1877 3941 dia
1898 3910 1912 3953 ;
1948 3899 2002 3941 et
2026 3908 2090 3942 ex
2118 3892 2352 3956 portibus
2371 3899 2656 3953 merces,et
2678 3897 2865 3940 cetera

1790 3970 2079 4018 necessaria
2101 3970 2213 4018 usui
2237 3970 2443 4018 invecta
2464 3986 2477 4020 ι
2517 3970 2647 4017 unde
2672 3968 2865 4032 praeci·

1792 4044 1879 4109 pui
1904 4044 2125 4109 Reipub.
2154 4046 2369 4097 reditus.

1857 4126 1887 4150 Ψ
1910 4120 2253 4185 Longinquitas
2269 4136 2323 4169 ac
2338 4120 2589 4183 secretum]
2614 4120 2698 4170 ob
2722 4118 2859 4171 hauc

1790 4196 2131 4259 suspicionem
2166 4213 2246 4262 ea,
2268 4212 2381 4261 quae
2422 4196 2605 4261 procul
2644 4204 2793 4245 erant
2826 4210 2863 4245 a

1786 4278 2070 4337 conspectu
2104 4272 2306 4339 imperii
2347 4272 2534 4337 sepius
2560 4270 2863 4322 afflixerunt
