3175 4934
1073 426 1472 491 mamone,
1519 428 1693 479 cn.
1736 412 1843 481 16.
2376 412 2559 483 8688

347 564 746 657 jamdudum
772 572 844 635 in
871 573 1270 637 contrarium
1317 574 1593 655 accingi,
1634 593 1755 638 nec
1794 592 1995 656 aequo
2022 574 2245 640 animo
2272 577 2557 660 perferre

357 672 526 737 hanc
555 678 842 737 nostram
871 692 994 755 pro
1023 675 1442 755 antiquorum
1467 674 1669 739 laude
1699 673 2143 739 concordiam.

448 774 606 838 Non
635 776 832 851 enim,
867 776 1084 859 inquit
1114 773 1320 856 Aper,
1367 774 1733 838 inauditum
1778 784 1844 838 et
1888 774 2301 838 indefensum
2342 794 2561 842 ὅπου·

357 870 495 941 lum
525 884 813 939 nostrum
845 877 1062 958 patiar
1087 876 1212 940 hac
1235 880 1456 938 vestra
1485 876 1973 959 conspiratione
1996 876 2341 941 damnari!
2428 876 2561 942 Sed

360 974 489 1043 hoc
522 978 806 1059 primum
839 980 1276 1061 interrogabo,
1321 996 1492 1061 quos
1522 980 1777 1042 vocetis
1822 977 2160 1062 antiquos)
2184 999 2381 1063 quam
2412 998 2565 1043 ora-

360 1084 576 1144 torum
607 1084 868 1143 aetatem
901 1079 1294 1161 signatione*
1321 1080 1452 1143 ista
1480 1078 1915 1143 determinetis
1936 1082 1993 1143 ‘i‘
2038 1080 2181 1161 Ego
2210 1082 2383 1144 enim
2410 1100 2565 1147 cum

361 1180 565 1245 audio
596 1184 928 1264 antiquoS,
970 1181 1298 1264 quosdam
1321 1187 1568 1245 veteres
1597 1188 1663 1243 et
1692 1182 1850 1249 olim
1890 1190 2081 1247 natos
2112 1183 2439 1265 intellig03
2482 1202 2571 1247 ac

363 1281 520 1345 mihi
548 1290 888 1347 versantur
917 1291 1067 1347 ante
1097 1284 1338 1347 oculos
1369 1282 1651 1366 Ulysses
1678 1289 1747 1347 et
1778 1282 2051 1360 Nestor,
2080 1304 2357 1366 quorum
2396 1292 2567 1349 aetas

364 1383 546 1447 mille
596 1383 728 1447 fere
773 1390 842 1449 et
897 1392 1038 1449 cc,5
1069 1387 1258 1447 annis
1311 1386 1632 1448 saeculum
1684 1390 1977 1448 nostrum
2026 1386 2393 1451 antecedit:
2440 1404 2565 1450 vos

365 1488 592 1548 autem
641 1486 1151 1551 Demosthenem
1201 1492 1268 1550 et
1313 1486 1727 1570 Hyperidem
1774 1486 2133 1567 profertiS‚¹¹
2179 1504 2344 1569 quos
2403 1490 2567 1553 satis

367 1590 629 1650 constat
659 1588 957 1669 Philippi
987 1592 1054 1650 et
1079 1586 1452 1652 Alexandri
1499 1588 1909 1671 temporibus
1956 1588 2299 1653 floruisse:
2346 1591 2441 1655 ita
2468 1596 2566 1654 ta·

368 1705 542 1764 men,
573 1695 650 1752 ut
677 1691 938 1772 utrique
985 1689 1373 1771 superstites
1422 1695 1667 1752 essent.

365 1789 576 1853 multo
619 1789 870 1872 plureS,
920 1810 1118 1873 quam
1171 1798 1402 1855 ccco?
1447 1809 1660 1854 annos
1708 1790 2023 1855 interesse
2064 1792 2225 1856 inter
2268 1800 2569 1856 nostram

365 1894 436 1953 et
469 1890 926 1953 Demosthenis
955 1894 1252 1955 aetatem:
1293 1889 1479 1973 quod
1510 1890 1801 1973 spatium
1832 1892 2171 1975 temporis,
2226 1893 2286 1957 si
2337 1892 2425 1955 ad
2470 1892 2569 1955 in·

367 1988 738 2054 firmitatem
799 2011 1147 2074 corporum
1205 1995 1579 2055 nostrorum
1643 1992 1911 2069 referas,
1966 1993 2243 2057 fortasse
2298 1994 2573 2075 longum

370 2090 712 2171 videatur3
777 2094 835 2155 si
910 2092 993 2156 ad
1063 2097 1360 2157 naturam
1419 2094 1817 2158 saeculorum
1872 2098 1937 2156 et
2008 2101 2375 2177 respectum
2448 2095 2573 2159 im·

367 2194 578 2258 mensi
649 2195 846 2278 hujus
920 2193 1107 2271 aevi,⁶
1178 2214 1504 2279 perquam
1563 2197 1763 2259 breve
1818 2200 1885 2259 et
1950 2196 2022 2259 in
2088 2198 2397 2278 proximo
2447 2203 2571 2261 est.

372 2292 553 2359 Nam
581 2296 664 2374 si,
697 2302 804 2361 ut⁷
835 2294 1072 2361 Cicero
1116 2294 1186 2360 in
1219 2296 1577 2361 Hortensio
1608 2298 1863 2375 scribit,
1898 2302 1919 2331 ‘
1948 2299 2007 2362 is
2040 2304 2147 2362 est
2189 2316 2464 2377 magnus
2506 2302 2573 2363 et

823 2454 848 2477 ⁶
885 2446 1058 2495 Eodem
1074 2446 1272 2509 parique
1291 2446 1633 2497 autentorum
1653 2462 1873 2499 commu
1890 2449 2109 2513 opprimi.

371 2636 546 2685 vatic.
571 2641 714 2687 1862.
737 2640 980 2689 istum-*⁴
1014 2640 1100 2690 Ita
1115 2646 1321 2689 veteres
1341 2640 1615 2691 editiones.
1682 2643 1811 2691 Mss.
1828 2641 1999 2691 Vatic.
2024 2648 2081 2691 et
2104 2640 2308 2704 Lipsius
2339 2642 2578 2703 signifiea-

370 2700 533 2758 tivum
564 2702 702 2765 quod
725 2717 840 2751 cum
862 2704 1072 2766 Bipont.
1097 2706 1332 2768 reposuit
1353 2705 1743 2754 Brotierus.—5
1777 2708 1865 2755 Sic
1887 2720 2065 2755 omnes
2094 2706 2213 2754 libri
2234 2706 2381 2755 editi.
2448 2696 2575 2756 Bro-

375 2763 537 2813 tier-us
556 2780 620 2813 ex
643 2766 769 2815 Mss.
791 2768 965 2816 vatic.
1005 2770 1219 2818 exhibet
1244 2768 1492 2817 trecentis.-
1526 2776 1583 2819 et
1612 2770 1825 2833 Bipont.
1863 2772 2113 2821 cca—6
2146 2770 2231 2819 lta
2257 2770 2385 2818 Mss.
2408 2770 2579 2820 Vatic-

375 2826 521 2877 Lihri
541 2828 687 2890 editi,
705 2830 844 2890 Ιιιιίιω
863 2832 1077 2881 immensi
1097 2834 1216 2887 evi,-
1249 2832 1384 2895 quod
1405 2834 1563 2893 paulo
1581 2834 1773 2882 durius.
1812 2834 2123 2883 Breuem—‘1
2158 2834 2245 2883 Ita
2264 2836 2387 2882 Mss.
2400 2834 2577 2885 Vatic.

375 2890 439 2940 In
463 2892 560 2941 Ed.
585 2908 663 2957 pr.
685 2896 824 2943 sicut.
892 2896 1210 2944 Puteolanus
1235 2895 1534 2945 emendavit
1562 2896 1607 2944 si
1638 2896 1794 2945 ficut.-
1828 2896 1961 2959 qnod
1992 2910 2237 2961 recepere
2272 2898 2501 2960 Ryckius
2522 2906 2581 2949 et

1375 3022 1586 3073 NOTAE

1758 1688 1868 1751 Ex
1914 1710 2050 1773 quo
2096 1697 2389 1772 apparet,
2438 1710 2571 1756 non
2680 1710 2688 1719 ·

439 3135 465 3169 b
500 3132 630 3191 Quos
650 3135 824 3183 vocetis
839 3136 1078 3201 antiquos]
1129 3136 1216 3185 Sic
1237 3136 1441 3187 Quinti·

379 3211 501 3261 lian.
523 3212 558 3261 1.
581 3225 702 3259 vm.
726 3218 776 3260 6.
824 3211 842 3239 ⁴
865 3210 946 3259 Ad
968 3227 1120 3276 qnam
1151 3226 1314 3276 usqne
1347 3226 1441 3262 nos

379 3287 578 3337 voeatis
602 3286 949 3336 vetustatem?
989 3287 1120 3335 Nam
1146 3289 1190 3337 si
1214 3288 1279 3335 ad
1302 3288 1442 3335 illam

381 3372 682 3423 extremam,
717 3364 880 3411 multa
917 3364 1290 3413 Demosthenes
1327 3378 1441 3427 qua.-

379 3446 502 3491 ante
553 3455 670 3489 eum
715 3454 880 3488 nemo.
945 3440 1218 3491 Quomodo
1273 3446 1446 3503 potest

384 3518 688 3569 Ciceronem
725 3518 969 3580 probare,
1001 3518 1088 3581 qni
1125 3518 1250 3566 nihil
1291 3524 1446 3580 putet

381 3608 450 3644 ex
475 3594 670 3643 Catone
692 3594 1044 3657 Gracchisque
1069 3593 1414 3642 mutandum?

447 3678 470 3705 θ
502 3671 782 3733 sig-notione
816 3672 915 3718 nea
951 3670 1294 3732 determinetis]
1359 3670 1446 3719 Sic

381 3748 532 3798 Rom.
549 3747 675 3795 edit.
695 3745 856 3807 Infra,
869 3748 885 3774 ⁴
899 3762 1060 3809 genus
1078 3746 1334 3795 hominurn
1350 3746 1450 3808 sig·

383 3834 535 3873 nasse
567 3830 840 3870 contentus
859 3821 892 3870 :'
921 3836 1032 3886 quie
1070 3836 1168 3869 vox
1205 3822 1449 3872 Quintili-

387 3897 474 3947 ani
509 3902 592 3945 est
631 3898 838 3958 passim.
907 3898 1010 3945 Alii
1045 3898 1227 3961 legunt
1264 3896 1448 3961 rig-affl-

383 3974 584 4025 mone.

449 4048 476 4085 ὅ
511 4048 772 4111 Profertis]
827 4050 904 4097 Ex
929 4050 1127 4099 Grecis
1155 4050 1451 4098 oratoribus

387 4126 792 4177 Demosthenem
809 4130 864 4172 et
879 4122 960 4187 Hy
971 4126 1221 4188 peridem,
1243 4130 1300 4175 ut
1321 4126 1450 4175 anti-

389 4214 519 4266 quos
553 4200 700 4250 nobis
741 4196 990 4263 profertis
1030 4214 1092 4249 ac
1127 4201 1448 4265 proponitis:

383 4276 502 4329 scil.
527 4276 593 4327 de
613 4276 912 4342 eloquentia
937 4275 992 4325 in
1025 4275 1317 4327 universum
1349 4278 1452 4327 dis-

1519 3142 1675 3202 putat
1728 3144 1833 3187 tam
1881 3138 2069 3188 Graeca
2111 3152 2261 3203 quam
2324 3138 2577 3189 Romana.

1519 3215 1655 3265 Nam
1680 3220 1827 3264 certe
1847 3212 1957 3263 fere
1992 3214 2173 3263 iisdem
2205 3216 2407 3265 casibus
2431 3223 2485 3264 et
2508 3216 2581 3265 vi-

1520 3290 1904 3339 cissitudinibus
1926 3290 2162 3340 Romana
2184 3290 2432 3341 facundia
2468 3305 2586 3341 con·

1519 3356 1721 3415 flictata
1744 3374 1839 3416 est.

1587 3448 1611 3474 ⁰
1648 3442 1755 3490 Non
1796 3444 1940 3490 malco
1982 3442 2141 3506 plures
2178 3458 2315 3506 qaam
2362 3442 2587 3509 0000]

1524 3518 1608 3566 Sic
1622 3518 1827 3565 omnino
1840 3518 2135 3581 legendnm,
2152 3533 2251 3567 non
2270 3525 2587 3582 crememur

1527 3594 1697 3655 vulgo.
1732 3591 1885 3642 Anno
1903 3594 2103 3656 imperii
2122 3596 2419 3659 Vespasiani
2438 3603 2589 3646 sexto

1523 3667 1731 3717 habitus
1752 3669 1836 3717 hic
1860 3684 2055 3718 sermo:
2092 3670 2187 3719 hoc
2206 3678 2306 3730 est,
2332 3672 2395 3720 Α.
2432 3672 2497 3723 U.
2524 3674 2586 3726 C.

1527 3747 1642 3793 828.
1711 3743 1763 3791 Is
1806 3744 1987 3794 incidit
2029 3744 2081 3792 in
2120 3756 2587 3811 annum.qnartnm

1529 3818 1857 3882 Olympiadis
1896 3824 2014 3869 21³.
2083 3822 2155 3870 At
2208 3830 2437 3872 mortuns
2482 3824 2594 3873 De·

1527 3895 1823 3944 mosthenes
1883 3897 2047 3958 primo
2090 3898 2415 3960 Olympiadis
2470 3902 2589 3950 21⁴2

1531 3970 1792 4019 Numerus
1824 3968 2075 4019 rotundus
2109 3986 2139 4018 a
2172 3978 2337 4020 morte
2368 3974 2588 4022 Demos-

1529 4046 1696 4094 thenis
1719 4044 2080 4109 quadringenti
2111 4046 2246 4103 anni,
2280 4053 2333 4095 et
2364 4047 2431 4095 ab
2456 4062 2587 4111 aevo,

1530 4135 1633 4185 qno
1665 4118 1857 4183 floruit,
1888 4136 1979 4169 non
2018 4122 2163 4167 mutto
2196 4122 2370 4183 pterea,
2406 4128 2463 4170 ut
2496 4124 2589 4173 ait.

1531 4198 1793 4245 Mer-rem.
1862 4196 1931 4245 Et
1958 4196 2165 4258 Cicero,
2195 4196 2281 4260 qni
2316 4204 2435 4244 ante
2470 4210 2587 4246 cen·

1529 4277 1641 4320 tum
1662 4276 1721 4321 et
1736 4272 1925 4336 viginti
1946 4282 2105 4321 annos
2126 4271 2345 4334 obierat,
2375 4272 2410 4321 l.
2435 4283 2498 4323 ιι.
2520 4272 2591 4324 de
