3175 4934
1267 415 1669 475 DIALOGUS.

2356 412 2535 479 arm

1319 642 1538 695 NOTAE

393 746 480 799 Sic
517 754 574 799 et
611 746 678 798 de
711 749 920 813 poetico
949 750 1143 803 decore
1181 754 1215 803 Ι.
1242 768 1296 803 x.
1339 760 1386 805 1.

326 822 343 849 ⁸
369 823 656 873 Plurimum
703 824 833 875 dicit
887 829 1080 879 oratori
1148 829 1388 881 conferre

325 898 710 963 Theophrastus
766 903 1038 953 lectionem
1095 906 1386 969 poetarum,

325 974 579 1047 inultique
622 978 733 1041 ejus
764 978 1018 1042 judicium
1072 992 1382 1047 sequuntur:

325 1063 496 1115 neque
536 1050 588 1099 id
620 1053 888 1103 immerito.
961 1056 1194 1121 Namque
1219 1058 1286 1107 ub
1307 1059 1384 1107 his

325 1132 382 1184 et
416 1126 468 1175 in
508 1128 656 1175 rebus
680 1130 906 1191 spiritus,
929 1138 984 1181 et
1007 1133 1058 1180 iu
1082 1134 1248 1183 verbis
1269 1136 1386 1183 sub·

323 1202 536 1263 limitas,
559 1212 612 1252 et
649 1206 700 1253 in
723 1204 994 1257 affectibus
1017 1218 1185 1259 motus
1208 1213 1386 1274 omnis,

326 1280 456 1328 etin
493 1283 722 1343 personis
759 1285 917 1333 decor
941 1287 1171 1347 petitur;
1209 1289 1386 1350 prm-i-

327 1368 552 1419 pueque,
577 1360 716 1405 velut
742 1360 922 1409 attrita
940 1362 1240 1424 quotidiano
1264 1372 1384 1413 actu

323 1426 516 1479 forensi
553 1433 776 1495 ingenia,
795 1436 990 1496 optime
1016 1451 1188 1485 rerum
1209 1440 1384 1487 talium

321 1504 576 1557 blanditia
599 1516 923 1571 reparantur.
961 1510 1194 1575 Ideoque
1218 1513 1268 1561 iu
1291 1514 1385 1563 hac

323 1584 549 1634 lectione
590 1586 776 1635 Cicero
823 1589 1248 1653 requiescendum
1294 1604 1386 1653 pu·

325 1664 442 1731 tat!
474 1665 611 1713 Vide
632 1665 754 1713 dial.
777 1681 824 1715 c.
848 1672 928 1715 20.

383 1742 470 1793 Sic
493 1751 664 1793 sutem
686 1752 742 1793 et
785 1746 850 1793 de
889 1746 1056 1809 poetis
1079 1748 1388 1799 Graecorum

323 1820 692 1884 antiquissimis
781 1823 1014 1886 Orpheo,
1087 1825 1236 1887 Lino,
1288 1830 1386 1875 dre.

322 1893 542 1947 Quintil.
565 1898 598 1945 l.
621 1910 660 1945 1.
688 1902 762 1945 1⁰.
800 1900 815 1925 ‘
847 1899 982 1947 Nam
1022 1900 1138 1963 quis
1182 1901 1388 1963 ignorat

320 1971 572 2033 musicen,
591 1972 674 2036 (ut
699 1973 917 2035 primum
943 1976 1008 2023 de
1040 1976 1138 2023 bac
1161 1976 1386 2039 loquar,)

321 2051 520 2095 tuntum
535 2048 648 2110 jam
671 2050 771 2097 iliis
795 2051 1018 2113 antiquis
1043 2052 1382 2115 temporibus,

319 2136 422 2173 non
445 2124 602 2173 studii
641 2126 810 2187 modo,
848 2142 1026 2176 verum
1049 2129 1208 2177 etiam
1234 2144 1384 2177 vene·

321 2200 534 2249 rationis
557 2201 815 2263 habuisse,
842 2212 900 2253 ut
929 2203 1083 2253 iidem
1108 2206 1310 2264 musici,
1332 2216 1390 2257 et

320 2283 486 2337 vates,
502 2285 556 2325 et
570 2278 832 2339 sapientes
841 2280 1236 2342 judicarentur?
1261 2282 1386 2331 Mit-

319 2355 426 2399 tam
450 2352 597 2414 alios,
615 2352 856 2415 Orpheus
880 2362 934 2403 et
951 2355 1108 2403 Linus
1130 2372 1142 2403 ε
1169 2371 1382 2419 quorum

317 2430 591 2491 utrumque
627 2428 742 2475 Diis
783 2430 1033 2492 genitum,
1055 2430 1272 2479 alterum
1299 2446 1384 2479 ve·

319 2516 398 2561 ro,
416 2502 554 2565 quod
580 2501 732 2549 rudes
751 2519 954 2565 quoque
974 2514 1128 2569 atque
1151 2514 1380 2567 agrestes

320 2576 514 2627 animos
536 2576 876 2625 admiratione
895 2578 1166 2637 mulceret,
1183 2592 1284 2627 non
1307 2572 1406 2625 fe-'

317 2666 404 2701 ras
436 2652 606 2713 mode,
625 2650 716 2699 sed
757 2667 881 2700 saxa
917 2652 1076 2701 etism
1113 2654 1382 2716 sylvasque

319 2726 543 2789 duxisse,
575 2728 897 2790 posteritatis
938 2730 1196 2777 memoriae
1223 2730 1384 2779 tradi-

320 2810 430 2853 tum
466 2810 562 2851 est.
628 2804 696 2851 Et
718 2804 1026 2865 Timagenes
1065 2814 1244 2863 auctor
1284 2812 1386 2873 est,

319 2878 544 2927 omnium
569 2880 620 2927 in
643 2879 808 2927 literis
831 2880 1116 2927 studiorum
1141 2880 1382 2943 antiquis-

319 2954 500 3003 simam
521 2954 754 3005 musicen
776 2955 1043 3003 extitisse:
1081 2962 1138 3003 et
1161 2958 1388 3005 testimo·

318 3028 404 3077 nio
430 3037 550 3079 suut
575 3030 848 3079 clarissimi
886 3030 1076 3093 poetae,
1093 3032 1230 3094 apud
1253 3048 1398 3095 quos,

316 3103 457 3161 inter
481 3104 675 3167 regalia
697 3105 934 3155 convivia
955 3105 1134 3153 laudes
1152 3106 1381 3155 Heroum

316 3195 378 3234 uc
404 3182 632 3230 Deorum
656 3182 721 3230 ud
753 3182 1004 3229 citharam
1027 3181 1379 3232 canebantur-⁹

318 3256 403 3306 Sic
451 3257 591 3306 Dial.
635 3271 683 3307 c.
707 3262 782 3307 12.
846 3258 933 3306 Sic
976 3265 1031 3311 et
1076 3258 1144 3305 de
1186 3259 1394 3318 latinis,

314 3322 566 3403 Tjrugicis,
619 3332 808 3395 Accio,
861 3334 1108 3397 Pacuvio,
1168 3335 1382 3398 Ovidio,

315 3409 564 3473 Thyeste,
584 3410 900 3473 Pomponio,
917 3414 1013 3461 Sec.
1063 3412 1244 3463 Quint.
1260 3412 1301 3459 1.
1328 3424 1382 3463 x.

316 3488 364 3535 1.
397 3486 412 3511 ‘
435 3486 728 3553 Tragoediae
753 3486 1055 3549 scriptores,
1077 3486 1266 3537 Accius
1304 3494 1380 3536 at-

314 3576 414 3627 que
461 3562 738 3625 Pacuvius,
795 3562 1086 3625 clarissimi,
1125 3563 1380 3625 gravitate

313 3641 708 3705 sententiarum,
737 3641 1012 3694 verborum
1053 3640 1302 3703 pondere,
1323 3648 1382 3690 et

312 3716 626 3767 auctoritate
682 3732 1034 3781 personarum.
1135 3718 1380 3767 Ceterum

315 3790 472 3853 nitor,
511 3797 567 3839 et
591 3807 790 3843 summa
813 3794 866 3842 in
889 3792 1187 3859 excolendis
1211 3795 1380 3856 operi-

315 3865 412 3914 bus
452 3880 653 3929 manus,
681 3868 844 3931 magis
869 3868 1032 3916 videri
1055 3878 1230 3932 potest
1253 3877 1382 3919 tem-

313 3940 543 4004 poribus,
567 3956 720 4004 quam
745 3941 868 4002 ipsis
889 3941 1134 3993 defuisse.
1181 3945 1380 3994 virium

313 4022 492 4064 tamen
531 4014 696 4063 Accio
743 4017 858 4079 plus
904 4018 1176 4069 tribuitur:
1215 4020 1380 4069 Pacu-

315 4082 453 4139 vium
474 4090 634 4139 videri
663 4090 968 4155 doctiorem,
990 4095 1075 4157 qui
1099 4109 1210 4145 esse
1236 4095 1376 4145 docti

316 4162 588 4227 affectant,
611 4166 808 4215 volunt.
873 4167 992 4217 Jnm
1019 4170 1142 4217 Vari
1178 4172 1378 4233 Thyes-

316 4247 398 4291 tes
417 4240 629 4292 cuilibet
649 4243 954 4313 Graecorum
976 4248 1264 4309 comparari
1289 4262 1380 4310 po-

1469 765 1590 811 test.
1658 760 1839 813 Ovidii
1864 762 2055 816 Medea
2076 762 2285 815 videtur
2308 761 2429 815 mihi
2448 778 2531 813 os-

1470 835 1707 896 tendere,
1752 846 1998 903 quantum
2036 839 2113 887 vir
2150 838 2237 887 ille
2276 846 2529 901 praestnre

1469 914 1716 972 potuerit,
1750 916 1792 963 si
1834 914 2042 976 iugenio
2086 930 2179 963 suo
2219 923 2531 978 temperare,

1464 1002 1617 1051 quam
1646 988 1911 1051 indulgere
1934 991 2233 1039 maluisset!
2270 989 2375 1039 Hic
2396 1004 2527 1038 unus

1465 1065 1609 1115 locus
1654 1066 1744 1114 ubi
1779 1068 1987 1135 eusdem
2020 1069 2087 1117 nd
2126 1066 2335 1117 verbum
2375 1070 2527 1115 voces

1465 1140 1653 1203 dialogi
1694 1144 1905 1205 repetit,
1948 1145 2171 1207 probare
2216 1158 2277 1193 ac
2320 1142 2527 1191 demon-

1465 1224 1631 1263 strare
1656 1218 1933 1277 genuinum
1974 1220 2107 1269 bunc
2132 1232 2245 1267 esse
2268 1218 2415 1267 Fabii
2436 1216 2529 1265 foe-

1467 1298 1574 1339 tum
1624 1294 1801 1355 possit,
1840 1295 1995 1345 etism
2039 1296 2082 1345 si
2127 1302 2307 1343 cetera
2356 1294 2530 1343 omnin

1466 1367 1726 1418 deessent.
1766 1370 1893 1419 Vide
1918 1386 2043 1432 ergo
2072 1372 2209 1420 Diai.
2234 1386 2279 1419 c.
2304 1376 2381 1419 12.
2416 1370 2528 1419 Eti-

1467 1457 1550 1491 am
1571 1444 1757 1493 Fabius
1797 1446 1831 1495 i.
1854 1459 1908 1495 x.
1938 1452 1981 1495 1.
2014 1448 2029 1473 ‘
2060 1448 2249 1495 Eorum
2288 1447 2529 1509 [Trsgoe-

1465 1516 1671 1579 dorum]
1693 1534 1823 1583 quos
1846 1521 2083 1582 viderim,
2106 1524 2255 1584 longe
2279 1521 2525 1583 princeps

1467 1594 1783 1657 Pomponius
1837 1597 2121 1661 Secundus,
2176 1612 2329 1662 quem
2378 1610 2548 1646 senes-

1467 1685 1651 1733 parum
1678 1676 1929 1738 tragicum
1948 1676 2217 1738 putabant,
2233 1673 2525 1723 eruditione

1467 1762 1528 1796 uc
1585 1750 1757 1799 nitore
1816 1760 2063 1814 praesture
2108 1748 2527 1801 confitebantur?

1465 1823 1603 1875 Vide
1626 1825 1747 1875 disi.
1772 1841 1819 1874 c.
1848 1831 1923 1875 1³.
2290 1866 2299 1883 ‚

1529 1897 1617 1946 Sic
1655 1908 1710 1949 et
1744 1898 1808 1949 de
1828 1901 2083 1962 Satyricis
2106 1900 2326 1960 Lucilio,
2358 1900 2527 1949 Hora·

1468 1975 1561 2037 tio,
1596 1983 1653 2025 et
1676 1977 1907 2025 Varrone
1931 1976 2181 2039 (nondum
2203 1975 2341 2025 forte
2364 1976 2524 2027 Juve-

1461 2050 1592 2098 nnlis
1634 2051 1793 2100 libros
1832 2050 2097 2115 emiserat)
2132 2051 2354 2103 Quintil.
2396 2062 2453 2100 x.
2478 2055 2525 2101 1.

1463 2128 1478 2151 ‘
1501 2126 1693 2188 Satyra
1724 2128 1927 2191 quidem
1970 2135 2083 2177 tota
2116 2133 2291 2177 nostra
2322 2134 2433 2186 θεὶς
2466 2127 2527 2173 in

1463 2216 1564 2269 qus
1588 2202 1783 2263 primus
1802 2204 2053 2266 insignem
2076 2204 2279 2253 laudem
2304 2204 2527 2265 adeptus

1463 2284 1548 2326 est
1566 2279 1809 2339 Lucilius,
1830 2279 1915 2343 qui
1940 2280 2188 2345 quosdam
2220 2281 2295 2330 ita
2316 2278 2525 2327 deditos

1461 2353 1560 2409 sibi
1598 2353 1765 2402 adbuc
1802 2354 1963 2403 babet
2000 2364 2279 2415 amatores,
2310 2361 2369 2403 ut
2404 2369 2525 2403 eum

1461 2446 1562 2479 non
1585 2433 1811 2495 ejusdem
1836 2434 1991 2483 modo
2013 2435 2185 2496 operis
2210 2432 2525 2495 cinctoribus,

1463 2509 1552 2555 sed
1574 2509 1809 2557 omnibus
1834 2508 2003 2571 poetis
2026 2506 2277 2570 praet'erre
2308 2522 2413 2557 non
2432 2508 2525 2557 du·

1463 2581 1651 2629 bitent.
1690 2582 1803 2642 Ego
1827 2592 2071 2643 querutum
2089 2582 2157 2631 ab
2177 2583 2299 2642 illis,
2323 2590 2523 2633 tantum

1464 2653 1530 2719 qb
1569 2653 1794 2703 Horatio
1826 2655 2095 2715 dissentio,
2146 2656 2233 2720 qui
2268 2657 2521 2706 Lucilium

1461 2726 1625 2789 fluere
1679 2729 2009 2791 lutulentum,
2063 2740 2117 2780 et
2173 2747 2287 2783 esse
2326 2733 2525 2797 aliquid

1464 2806 1603 2867 quod
1638 2806 1821 2855 tollere
1854 2809 2039 2869 possis,
2062 2816 2230 2869 putat.
2297 2810 2433 2859 Nam
2468 2817 2525 2859 et

1466 2880 1693 2930 eruditio
1716 2881 1767 2929 iu
1790 2895 1855 2930 eo
1876 2882 2025 2941 mira,
2044 2890 2101 2931 et
2116 2884 2347 2944 libertss,
2365 2890 2523 2947 atque

1463 2954 1582 3009 iude
1605 2958 1883 3019 acerbitas,
1898 2966 1953 3006 et
1971 2958 2177 3007 abunde
2198 2960 2336 3008 salis.
2386 2960 2525 3011 Mul-

1463 3036 1518 3087 to
1541 3038 1623 3079 est
1666 3032 1849 3081 tersior
1882 3048 1942 3081 ac
1980 3047 2139 3096 purus
2168 3033 2333 3095 magis
2356 3034 2525 3083 Hora·

1431 3147 1438 3155 .
1464 3107 1585 3167 tius,
1625 3114 1679 3155 et
1702 3106 1767 3155 nd
1790 3108 2045 3155 notandos
2074 3108 2333 3157 hominum
2354 3122 2525 3157 mores

1466 3180 1791 3247 praeeipnus.'
1858 3182 1991 3229 Vide
2015 3182 2134 3230 dial.
2166 3197 2215 3231 c.
2236 3186 2315 3231 2³.
2351 3182 2521 3233 Etiam

1465 3257 1500 3305 l·.
1523 3270 1577 3305 x.
1603 3261 1649 3304 1.
1682 3257 1955 3306 ‘Alterum
1994 3256 2121 3307 iliud
2158 3265 2259 3318 est,
2289 3266 2343 3305 et
2376 3257 2519 3319 prius

1461 3332 1662 3396 Satyris
1703 3348 1875 3395 genus,
1902 3333 2035 3396 quod
2074 3347 2175 3381 uon
2208 3332 2313 3380 sola
2344 3332 2524 3388 curmi-

1461 3422 1582 3473 num
1619 3410 1875 3457 varietate
1918 3408 2123 3457 mistum
2164 3408 2398 3457 condidit
2426 3410 2521 3457 Te-

1463 3484 1659 3531 rentius
1676 3486 1862 3545 Varro,
1886 3486 1963 3533 vir
1988 3484 2335 3534 Romanorum
2351 3485 2523 3547 erudi-

1461 3559 1707 3623 tissimus,
1730 3560 1975 3624 plurimos
2012 3560 2095 3609 iiic
2130 3560 2287 3611 libros
2308 3568 2365 3610 et
2396 3560 2520 3610 doc-

1461 3638 1680 3687 tissimus
1705 3641 2013 3703 composuit,
2052 3638 2391 3703 peritissimus
2424 3639 2523 3689 lin-

1460 3729 1574 3776 guae
1617 3714 1839 3777 Latinae,
1880 3722 1933 3763 et
1968 3714 2131 3763 omnis
2174 3713 2519 3777 antiquitatis,

1460 3798 1514 3839 et
1550 3805 1721 3839 rerum
1757 3792 2057 3839 Graecarum
2096 3797 2518 3853 nostrarumque:

1463 3866 1578 3929 plus
1604 3874 1775 3917 tamen
1800 3867 2029 3917 scientiae
2048 3867 2349 3928 collaturus,
2366 3881 2519 3930 quam

1461 3943 1810 4007 eloquentius!
2221 4000 2229 4007 ‚

1525 4018 1699 4069 Satius
1716 4018 1781 4065 sit
1801 4018 1969 4079 silere,
1986 4031 2135 4081 quum
2156 4030 2325 4077 pauca
2342 4015 2518 4065 dicere

1462 4091 1528 4161 de
1569 4092 1809 4141 Heroicis
1836 4093 2065 4140 Homero
2089 4099 2143 4139 et
2166 4092 2409 4155 Virgilio,
2428 4093 2517 4155 qui

1455 4170 1568 4219 scil.
1617 4168 1879 4233 fastigium
1932 4182 2081 4217 omne
2132 4176 2381 4231 superant
2410 4170 2519 4219 elo-

1457 4246 1707 4313 quentiae,
1742 4244 1881 4294 forte
1918 4248 1975 4292 et
1996 4240 2161 4293 fatum
2198 4242 2523 4307 ingeniorum,
