3175 4934
580 361 757 432 3678

1342 379 1353 390 ’
1374 377 1473 426 DE
1518 375 2006 428 onavomlms

580 529 703 602 est,
733 523 1249 606 suspicatusque
1274 541 1363 587 ex
1394 523 1546 605 ipsa
1574 479 1956 588 intentione‘
2001 521 2432 606 singulorum,
2465 519 2790 587 altiorffln*

576 628 753 692 inter
781 643 898 688 eos
926 643 1073 688 esse
1100 643 1493 688 sermonem:
1542 623 1728 688 Num
1771 643 2011 706 parum
2053 625 2520 706 tempestivus,
2551 624 2791 707 inquit,

582 726 920 802 interveni,
951 731 1281 789 secretum
1320 724 1674 790 consilium
1718 728 1785 789 et
1827 743 2056 790 causae
2101 725 2382 810 alicujus
2417 725 2796 791 meditatio-

580 847 730 893 nem
760 828 1239 892 tractantibus?

671 929 974 1008 Minime,
1030 927 1323 1004 minime,
1376 927 1596 1009 inquit
1653 927 2024 1005 SecunduS,
2060 934 2276 1011 ‚atque
2321 927 2492 992 adeo
2551 927 2794 994 vellem

584 1032 937 1097 maturius-v
964 1029 1465 1092 intervenisses:
1513 1027 1909 1093 delectasset
1945 1031 2116 1093 enim
2163 1037 2230 1094 te
2271 1041 2337 1093 et
2364 1027 2538 1112 Apri
2577 1029 2794 1094 nostri

585 1131 1125 1197 accuratissimus
1172 1146 1414 1205 sermo,
1446 1148 1602 1192 cum
1651 1128 2051 1208 Maternum,
2091 1137 2166 1194 ut
2213 1149 2406 1194 omne
2453 1131 2794 1212 ingenium

584 1252 668 1298 ac
696 1233 978 1298 studium
1008 1249 1199 1294 suum
1228 1230 1313 1294 ad
1344 1249 1587 1296 causas
1617 1231 1908 1314 agendas
1945 1238 2370 1309 converteret,
2401 1233 2795 1296 exhortatus

585 1340 715 1422 est,
740 1336 809 1397 et
838 1331 1121 1395 Materni
1150 1350 1271 1415 pro
1300 1333 1704 1410 carminibus
1749 1335 1894 1398 suis
1934 1333 2144 1410 laeta,⁸
2166 1339 2374 1422 utque
2407 1333 2646 1417 poetas
2677 1333 2796 1397 de-

584 1434 769 1500 fendi
798 1434 1095 1513 decebat,
1121 1434 1517 1513 audentior,3
1554 1441 1621 1500 et
1647 1433 1996 1519 poetarum
2025 1454 2227 1519 quam
2253 1433 2582 1500 oratorum
2609 1437 2797 1501 simir-

584 1534 731 1612 lior,
763 1537 1002 1600 oratic.

675 1625 793 1700 Me
820 1654 1001 1713 vero,
1030 1636 1292 1719 inquit?
1318 1644 1386 1702 et
1429 1657 1646 1703 sermo
1690 1639 1840 1724 ipse
1879 1638 2134 1703 infinita
2159 1640 2498 1722 voluptate
2527 1637 2798 1702 affecis-

588 1741 710 1817 set,
741 1741 934 1822 atque
960 1735 1033 1800 id
1058 1738 1281 1821 ipsum
1311 1739 1616 1820 delectat,
1649 1741 1830 1826 quod
1859 1759 2004 1820 voS,
2031 1741 2161 1806 viri
2188 1742 2419 1825 optimi
2446 1745 2514 1805 et
2537 1746 2798 1824 tempo-

1072 1937 1099 2005 ¹[
1128 1928 1323 1979 Suam
1342 1929 1622 1980 attentione.

908 2000 935 2024 τ
966 1993 1179 2058 nona«,
1198 2009 1398 2060 amm,
1417 1995 1678 2044 iamim

1878 1935 1914 1963 ¹·
1944 1928 2114 1992 Prius,
2143 1929 2307 1979 eitius.
2449 1977 2454 1981 .

2007 2001 2037 2036 1
2069 1993 2236 2058 Inquit
2259 1993 2484 2044 Men-21«.

1512 2135 1867 2156 “HOMO“

584 2201 811 2285 Brotier.
876 2235 1168 2286 Gronovius
1187 2236 1351 2288 habet
1374 2237 1435 2288 Vi

1433 2237 1652 2300 pum’ns:
1684 2200 1956 2285 Brotierus
1988 2235 2378 2299 Vinium—⁸
2413 2234 2556 2285 Male
2579 2236 2636 2284 in
2659 2243 2804 2286 vete-

586 2298 726 2350 ribus
742 2299 1071 2365 editionibus,
1086 2302 1328 2352 audenter.
1396 2301 1461 2352 ln
1485 2298 1785 2352 recentibus
1807 2307 1984 2352 autem
2013 2315 2286 2366 perperam
2309 2300 2497 2350 omissa
2515 2301 2710 2365 copula
2733 2305 2804 2364 a,

1574 2487 1790 2540 Nom-3

586 2612 857 2676 quosdam,
878 2615 965 2678 qui
985 2612 1176 2666 famam
1216 2623 1273 2667 et
1308 2631 1538 2667 rumores
1560 2631 1649 2667 au-

584 2689 672 2752 lae,
692 2695 749 2738 et
764 2689 1171 2754 imperitantium
1200 2707 1353 2742 seusa
1373 2693 1649 2743 subodora-

570 2770 769 2813 -rentur
805 2779 865 2814 ac
905 2766 1281 2818 renuntiarent.
1348 2768 1486 2817 Nam
1522 2767 1648 2832 qnid

586 2844 699 2889 tum
742 2847 954 2891 senatus
1005 2840 1101 2890 sub
1150 2843 1363 2893 Nerone
1404 2849 1461 2892 et
1502 2843 1649 2893 malis

586 2914 924 2980 principibus,
942 2917 1037 2965 nisi
1072 2917 1370 2980 ludibrium,
1392 2919 1489 2968 nisi
1513 2933 1646 2970 vana

584 2989 757 3054 imago
782 2992 941 3054 prisci
976 2987 1220 3042 senatus?
1254 2994 1405 3056 cujus
1438 2995 1646 3044 nomine

567 3119 573 3126 ,
586 3074 645 3118 et
666 3074 927 3132 pretextu
940 3069 1259 3119 illudebatur
1274 3069 1499 3134 legibus,
1516 3071 1645 3134 ipsis

586 3143 841 3206 patribus,
860 3144 995 3202 urbi,
1030 3144 1145 3193 orbi
1169 3151 1225 3193 et
1258 3145 1437 3208 generi
1470 3145 1645 3195 huma-

584 3218 685 3267 no?
732 3219 939 3282 Siquid
964 3226 1112 3268 recte
1130 3219 1403 3284 aliquando
1426 3226 1647 3284 agerent

586 3292 933 3355 dominantes,
965 3293 1105 3342 ultro
1148 3293 1249 3356 ipsi
1295 3293 1523 3356 agebant
1562 3308 1649 3344 ne-

585 3368 727 3418 mine
748 3368 998 3429 eonrnhn,
1020 3367 1115 3418 sed
1148 3383 1353 3432 semper
1376 3384 1495 3420 cnm
1518 3385 1651 3436 prns-

587 3448 739 3492 textu
760 3450 969 3492 senatus
992 3443 1307 3495 occidebant
1322 3445 1420 3506 illi,
1436 3453 1491 3496 et
1508 3461 1649 3510 gras-

584 3517 854 3569 sabantur:
892 3521 1035 3584 quasi
1079 3521 1152 3570 sic
1195 3521 1439 3572 invidiam
1482 3521 1648 3586 publi-

586 3607 700 3644 cam
736 3592 791 3642 in
832 3601 1067 3644 senatum
1104 3596 1368 3660 rejecturi,
1387 3604 1445 3648 et
1466 3604 1525 3646 ut
1546 3598 1650 3648 cri-

585 3684 707 3720 men
750 3684 783 3718 a
826 3685 883 3720 se
926 3671 1286 3734 amolirentur,
1329 3679 1421 3723 aut
1464 3673 1646 3722 saltem

584 3745 903 3808 dividerent,
928 3753 983 3797 et
1006 3747 1083 3796 sic
1108 3748 1387 3800 elevarent.

650 3823 757 3872 Nec
789 3822 1019 3885 comm]
1084 3824 1377 3875 Potuerunt
1408 3826 1499 3876 tali
1522 3841 1647 3876 casn

584 3899 782 3950 consuli
804 3899 977 3964 amici,
996 3906 1259 3963 parentes,
1273 3909 1329 3951 et
1352 3903 1647 3967 propinqui,

572 3977 673 4041 ,qui
706 3978 1033 4040 potentiores
1068 3985 1243 4027 essent
1282 3980 1419 4041 apud
1460 3979 1648 4042 prinei-

584 4065 727 4116 pem,
744 4059 797 4102 et
832 4053 1015 4103 melius
1051 4060 1265 4104 nossent
1300 4055 1411 4118 ejus
1452 4057 1646 4120 eogita-

572 4127 773 4180 tiones.
837 4129 923 4178 Sic
962 4136 1019 4180 et
1053 4137 1337 4194 potuerunt
1364 4131 1563 4182 consuli
1582 4131 1645 4180 li-

488 4241 499 4250 .
582 4202 725 4255 berti
764 4205 1175 4269 praevalidissimi
1206 4215 1263 4257 et
1295 4206 1531 4270 magistri
1558 4207 1648 4274 do-

584 4278 899 4348 minationis,
940 4288 997 4334 et
1035 4283 1221 4349 ceteri,
1259 4281 1349 4350 qni
1385 4281 1439 4333 in
1474 4280 1646 4348 gratia

1720 3093 1727 3102 ·
1794 3076 1822 3112 8
1857 3070 1978 3118 Cum
2021 3068 2300 3132 Vipstanus]

1731 2615 1992 2681 flagranti,
2031 2621 2090 2666 et
2131 2621 2418 2680 potuerunt
2455 2615 2658 2678 rogari:
2703 2609 2798 2666 sed

1731 2692 1995 2757 precipue
2017 2699 2138 2756 post
2159 2692 2414 2754 praedicta
2444 2692 2684 2742 consulta
2703 2704 2800 2754 po-

1731 2769 1832 2818 tnit
1855 2769 2027 2832 rogari
2049 2767 2310 2831 princeps,
2339 2767 2490 2831 cujus
2525 2767 2604 2816 rei
2637 2780 2800 2816 cama

1729 2845 2067 2894 mittebantur
2089 2842 2342 2906 epistola,
2362 2845 2520 2896 etiam
2545 2843 2794 2905 presenti

1731 2918 1786 2968 in
1806 2920 1933 2970 urbe
1947 2920 2146 2970 Caesari
2162 2935 2178 2978 ;
2203 2933 2416 2983 quarum
2431 2918 2634 2968 mentio
2650 2931 2796 2982 sepe

1731 2996 1871 3058 apud
1891 2995 2152 3045 Tacitum.

2383 3068 2569 3116 Frater
2607 3067 2822 3127 Reguli.

1732 3143 1800 3194 de
1841 3159 1942 3209 quo
1984 3145 2202 3194 Tacitus
2245 3143 2388 3193 Hist.
2431 3157 2520 3193 m.
2551 3142 2798 3206 ‘Iaegioni

1733 3222 1972 3272 tribunus
1989 3222 2272 3285 Vipstanus
2295 3221 2526 3270 Messala
2565 3225 2798 3285 praerat

1729 3297 1884 3346 elaris
1905 3296 2202 3359 majoribus,
2215 3289 2456 3359 egregius
2477 3297 2610 3360 ipse,
2627 3303 2684 3346 et
2703 3296 2796 3361 qul

1725 3372 1870 3422 solus
1905 3372 1973 3422 ad
1994 3371 2048 3422 id
2069 3372 2262 3422 bellum
2301 3373 2460 3422 bonas
2491 3379 2636 3422 artes
2651 3377 2796 3421 attu-

1725 3447 1904 3497 lisset!
1966 3447 2038 3497 Et
2061 3461 2137 3498 ιν.
2171 3447 2454 3510 {Magnam
2485 3461 2551 3496 eo
2573 3446 2662 3497 die
2685 3446 2799 3510 pie-

1729 3521 1852 3574 tatis
1873 3523 2286 3587 eloquentiaeque
2303 3521 2492 3572 famam
2505 3523 2796 3586 Vipstanus

1725 3597 1958 3647 Messala
1979 3597 2201 3661 adeptus
2235 3605 2352 3660 est3
2383 3598 2612 3648 nondum
2645 3612 2800 3647 sena·

1729 3673 1861 3722 toria
1881 3681 2062 3736 atate,
2095 3687 2249 3726 ausus
2287 3689 2383 3738 pro
2405 3673 2572 3726 fratre
2590 3674 2794 3738 Regulo

1729 3749 2034 3812 deprecari?

1791 3825 1816 3860 ¹·
1846 3825 2108 3891 Altior-aa]
2172 3826 2392 3877 Altioris
2437 3827 2552 3878 scil.
2592 3841 2798 3889 sensu,

1729 3908 1787 3952 et
1839 3904 1930 3966 qui
1977 3902 2364 3967 profundiorem
2419 3903 2795 3968 cogitationen

1727 3977 2220 4044 meditationemque
2276 3983 2601 4043 postularet:
2669 3991 2798 4029 narn

1723 4055 1904 4104 statim
1947 4055 2128 4115 addit;
2180 4055 2198 4084 ‘
2214 4061 2478 4106 secretum
2515 4053 2796 4106 eonsilium

1725 4136 1783 4180 et
1810 4145 1978 4182 causae
1999 4131 2220 4196 alictfius
2241 4131 2628 4184 meditationem
2649 4137 2800 4184 trau·

1725 4207 1994 4262 tontibus?
