<?xml version="1.0" encoding="UTF-8"?>
<!DOCTYPE html PUBLIC "-//W3C//DTD XHTML 1.0 Transitional//EN"
    "http://www.w3.org/TR/xhtml1/DTD/xhtml1-transitional.dtd">
<html xmlns="http://www.w3.org/1999/xhtml" xml:lang="en" lang="en">
 <head>
  <title>
</title>
<meta http-equiv="Content-Type" content="text/html;charset=utf-8" />
  <meta name='ocr-system' content='tesseract 3.04.00' />
  <meta name='ocr-capabilities' content='ocr_page ocr_carea ocr_par ocr_line ocrx_word'/>
</head>
<body>
  <div class='ocr_page' id='page_1' title='image "./operaomnia11tacigoog/operaomnia11tacigoog_0034.png"; bbox 0 0 3175 4934; ppageno 0'>
   <div class='ocr_carea' id='block_1_1' title="bbox 547 450 721 519">
    <p class='ocr_par' dir='ltr' id='par_1_1' title="bbox 547 450 721 519">
     <span class='ocr_line' id='line_1_1' title="bbox 547 450 721 519; baseline 0 -1"><span class='ocrx_word' id='word_1_1' title='bbox 547 450 721 519; x_wconf 75' lang='lat'>3254</span> 
     </span>
    </p>
   </div>
   <div class='ocr_carea' id='block_1_2' title="bbox 1263 465 2040 518">
    <p class='ocr_par' dir='ltr' id='par_1_2' title="bbox 1263 465 2040 518">
     <span class='ocr_line' id='line_1_2' title="bbox 1263 465 2040 518; baseline -0.003 -2"><span class='ocrx_word' id='word_1_2' title='bbox 1263 469 1328 518; x_wconf 85' lang='lat' dir='ltr'><strong>G.</strong></span> <span class='ocrx_word' id='word_1_3' title='bbox 1375 465 1738 517; x_wconf 81' lang='lat' dir='ltr'>CORNELII</span> <span class='ocrx_word' id='word_1_4' title='bbox 1786 465 2040 516; x_wconf 72' lang='lat' dir='ltr'>TAOITI</span> 
     </span>
    </p>
   </div>
   <div class='ocr_carea' id='block_1_3' title="bbox 549 603 2757 692">
    <p class='ocr_par' dir='ltr' id='par_1_3' title="bbox 549 603 2757 692">
     <span class='ocr_line' id='line_1_3' title="bbox 549 603 2757 692; baseline -0.002 -15"><span class='ocrx_word' id='word_1_5' title='bbox 549 617 840 678; x_wconf 80' lang='lat' dir='ltr'><strong>veterem</strong></span> <span class='ocrx_word' id='word_1_6' title='bbox 886 618 955 678; x_wconf 88' lang='lat' dir='ltr'><strong>et</strong></span> <span class='ocrx_word' id='word_1_7' title='bbox 998 611 1112 677; x_wconf 90' lang='lat' dir='ltr'><strong>diu</strong></span> <span class='ocrx_word' id='word_1_8' title='bbox 1155 617 1436 690; x_wconf 76' lang='lat' dir='ltr'><strong>notam,¹¹</strong></span> <span class='ocrx_word' id='word_1_9' title='bbox 1483 617 1801 688; x_wconf 74' lang='lat' dir='ltr'><strong>seri-atos„</strong></span> <span class='ocrx_word' id='word_1_10' title='bbox 1850 608 2297 692; x_wconf 56' lang='lat' dir='ltr'><strong>bigatosque}</strong></span> <span class='ocrx_word' id='word_1_11' title='bbox 2384 603 2757 690; x_wconf 65' lang='lat' dir='ltr'><strong>Argentum⁸⁴</strong></span> 
     </span>
    </p>
   </div>
   <div class='ocr_carea' id='block_1_4' title="bbox 1539 829 1761 884">
    <p class='ocr_par' dir='ltr' id='par_1_4' title="bbox 1539 829 1761 884">
     <span class='ocr_line' id='line_1_4' title="bbox 1539 829 1761 884; baseline -0.014 -2"><span class='ocrx_word' id='word_1_12' title='bbox 1539 829 1761 884; x_wconf 74' lang='lat' dir='ltr'><strong>NOTAE</strong></span> 
     </span>
    </p>
   </div>
   <div class='ocr_carea' id='block_1_5' title="bbox 494 953 1603 4349">
    <p class='ocr_par' dir='ltr' id='par_1_5' title="bbox 543 953 1603 1232">
     <span class='ocr_line' id='line_1_5' title="bbox 547 953 1603 1019; baseline -0.001 -16"><span class='ocrx_word' id='word_1_13' title='bbox 547 957 617 1003; x_wconf 63' lang='lat' dir='ltr'><strong>tte</strong></span> <span class='ocrx_word' id='word_1_14' title='bbox 639 953 744 1003; x_wconf 80' lang='lat' dir='ltr'><strong>anri</strong></span> <span class='ocrx_word' id='word_1_15' title='bbox 769 959 828 1004; x_wconf 88' lang='lat' dir='ltr'><strong>et</strong></span> <span class='ocrx_word' id='word_1_16' title='bbox 846 953 1048 1018; x_wconf 78' lang='lat' dir='ltr'><strong>argenti</strong></span> <span class='ocrx_word' id='word_1_17' title='bbox 1081 954 1411 1004; x_wconf 84' lang='lat' dir='ltr'><strong>maximarum</strong></span> <span class='ocrx_word' id='word_1_18' title='bbox 1447 953 1603 1019; x_wconf 89' lang='lat' dir='ltr'><strong>pesti-</strong></span> 
     </span>
     <span class='ocr_line' id='line_1_6' title="bbox 543 1029 1600 1093; baseline 0.003 -16"><span class='ocrx_word' id='word_1_19' title='bbox 543 1043 628 1077; x_wconf 87' lang='lat' dir='ltr'><strong>um</strong></span> <span class='ocrx_word' id='word_1_20' title='bbox 650 1029 833 1093; x_wconf 79' lang='lat' dir='ltr'><strong>ignari,</strong></span> <span class='ocrx_word' id='word_1_21' title='bbox 855 1030 968 1080; x_wconf 83' lang='lat' dir='ltr'><strong>vice</strong></span> <span class='ocrx_word' id='word_1_22' title='bbox 991 1044 1160 1079; x_wconf 88' lang='lat' dir='ltr'><strong>rerum</strong></span> <span class='ocrx_word' id='word_1_23' title='bbox 1181 1032 1491 1080; x_wconf 84' lang='lat' dir='ltr'><strong>commercia</strong></span> <span class='ocrx_word' id='word_1_24' title='bbox 1512 1045 1600 1080; x_wconf 83' lang='lat' dir='ltr'><strong>ex·</strong></span> 
     </span>
     <span class='ocr_line' id='line_1_7' title="bbox 544 1105 1597 1169; baseline 0.002 -15"><span class='ocrx_word' id='word_1_25' title='bbox 544 1105 762 1155; x_wconf 71' lang='lat' dir='ltr'><strong>errent.&#39;</strong></span> <span class='ocrx_word' id='word_1_26' title='bbox 824 1105 930 1156; x_wconf 87' lang='lat' dir='ltr'><strong>Ubi</strong></span> <span class='ocrx_word' id='word_1_27' title='bbox 975 1107 1077 1156; x_wconf 79' lang='lat' dir='ltr'><strong>vice</strong></span> <span class='ocrx_word' id='word_1_28' title='bbox 1117 1112 1200 1156; x_wconf 86' lang='lat' dir='ltr'><strong>est</strong></span> <span class='ocrx_word' id='word_1_29' title='bbox 1236 1108 1597 1169; x_wconf 67' lang='lat' dir='ltr'><strong>permutatione.</strong></span> 
     </span>
     <span class='ocr_line' id='line_1_8' title="bbox 543 1181 714 1232; baseline 0.006 -1"><span class='ocrx_word' id='word_1_30' title='bbox 543 1181 714 1232; x_wconf 74' lang='lat' dir='ltr'><strong>Coler-</strong></span> 
     </span>
    </p>

    <p class='ocr_par' dir='ltr' id='par_1_6' title="bbox 530 1234 1600 1778">
     <span class='ocr_line' id='line_1_9' title="bbox 606 1234 1600 1320; baseline 0.001 -15"><span class='ocrx_word' id='word_1_31' title='bbox 606 1258 963 1308; x_wconf 70' lang='lat' dir='ltr'><strong>Permutotioae</strong></span> <span class='ocrx_word' id='word_1_32' title='bbox 979 1255 1222 1320; x_wconf 77' lang='lat' dir='ltr'><strong>mercium]</strong></span> <span class='ocrx_word' id='word_1_33' title='bbox 1275 1234 1428 1308; x_wconf 70' lang='lat' dir='ltr'><strong>Quod</strong></span> <span class='ocrx_word' id='word_1_34' title='bbox 1452 1259 1600 1307; x_wconf 86' lang='lat' dir='ltr'><strong>mori·</strong></span> 
     </span>
     <span class='ocr_line' id='line_1_10' title="bbox 541 1333 1599 1398; baseline 0.001 -15"><span class='ocrx_word' id='word_1_35' title='bbox 541 1333 638 1383; x_wconf 79' lang='lat' dir='ltr'><strong>bus</strong></span> <span class='ocrx_word' id='word_1_36' title='bbox 659 1334 798 1398; x_wconf 81' lang='lat' dir='ltr'><strong>apud</strong></span> <span class='ocrx_word' id='word_1_37' title='bbox 815 1333 1102 1384; x_wconf 83' lang='lat' dir='ltr'><strong>Germanos</strong></span> <span class='ocrx_word' id='word_1_38' title='bbox 1119 1334 1342 1396; x_wconf 80' lang='lat' dir='ltr'><strong>valebat,</strong></span> <span class='ocrx_word' id='word_1_39' title='bbox 1364 1335 1482 1398; x_wconf 83' lang='lat' dir='ltr'><strong>lege</strong></span> <span class='ocrx_word' id='word_1_40' title='bbox 1501 1336 1599 1397; x_wconf 82' lang='lat' dir='ltr'><strong>Ly-</strong></span> 
     </span>
     <span class='ocr_line' id='line_1_11' title="bbox 540 1409 1598 1474; baseline 0.003 -16"><span class='ocrx_word' id='word_1_41' title='bbox 540 1423 728 1472; x_wconf 77' lang='lat' dir='ltr'><strong>curgus</strong></span> <span class='ocrx_word' id='word_1_42' title='bbox 751 1409 980 1460; x_wconf 85' lang='lat' dir='ltr'><strong>institnit</strong></span> <span class='ocrx_word' id='word_1_43' title='bbox 1000 1409 1140 1474; x_wconf 82' lang='lat' dir='ltr'><strong>apud</strong></span> <span class='ocrx_word' id='word_1_44' title='bbox 1163 1411 1598 1470; x_wconf 71' lang='lat' dir='ltr'><strong>Lacedaemonios.</strong></span> 
     </span>
     <span class='ocr_line' id='line_1_12' title="bbox 537 1486 1599 1550; baseline -0.001 -14"><span class='ocrx_word' id='word_1_45' title='bbox 537 1487 775 1541; x_wconf 80' lang='lat' dir='ltr'><strong>Justinus</strong></span> <span class='ocrx_word' id='word_1_46' title='bbox 797 1488 834 1537; x_wconf 91' lang='lat' dir='ltr'><strong>l.</strong></span> <span class='ocrx_word' id='word_1_47' title='bbox 859 1501 944 1536; x_wconf 91' lang='grc' dir='ltr'><strong>ιιι.</strong></span> <span class='ocrx_word' id='word_1_48' title='bbox 979 1489 994 1514; x_wconf 78' lang='lat'>⁸</span> <span class='ocrx_word' id='word_1_49' title='bbox 1016 1486 1133 1535; x_wconf 88' lang='lat' dir='ltr'><strong>Emi</strong></span> <span class='ocrx_word' id='word_1_50' title='bbox 1153 1486 1363 1550; x_wconf 78' lang='lat' dir='ltr'><strong>singula,</strong></span> <span class='ocrx_word' id='word_1_51' title='bbox 1385 1501 1484 1536; x_wconf 90' lang='lat' dir='ltr'><strong>non</strong></span> <span class='ocrx_word' id='word_1_52' title='bbox 1506 1501 1599 1550; x_wconf 88' lang='lat' dir='ltr'><strong>pe-</strong></span> 
     </span>
     <span class='ocr_line' id='line_1_13' title="bbox 538 1563 1598 1626; baseline -0.001 -13"><span class='ocrx_word' id='word_1_53' title='bbox 538 1563 714 1626; x_wconf 82' lang='lat' dir='ltr'><strong>cunia,</strong></span> <span class='ocrx_word' id='word_1_54' title='bbox 755 1563 848 1612; x_wconf 84' lang='lat' dir='ltr'><strong>sed</strong></span> <span class='ocrx_word' id='word_1_55' title='bbox 891 1563 1308 1626; x_wconf 75' lang='lat' dir='ltr'>compensatione</span> <span class='ocrx_word' id='word_1_56' title='bbox 1349 1563 1598 1612; x_wconf 87' lang='lat' dir='ltr'><strong>mercium</strong></span> 
     </span>
     <span class='ocr_line' id='line_1_14' title="bbox 530 1639 1597 1703; baseline 0.002 -17"><span class='ocrx_word' id='word_1_57' title='bbox 530 1639 720 1700; x_wconf 79' lang='lat' dir='ltr'><strong>jussit:</strong></span> <span class='ocrx_word' id='word_1_58' title='bbox 767 1639 880 1688; x_wconf 88' lang='lat' dir='ltr'><strong>auri</strong></span> <span class='ocrx_word' id='word_1_59' title='bbox 925 1639 1230 1703; x_wconf 74' lang='lat' dir='ltr'><strong>argentique</strong></span> <span class='ocrx_word' id='word_1_60' title='bbox 1267 1653 1432 1700; x_wconf 89' lang='lat' dir='ltr'><strong>usum,</strong></span> <span class='ocrx_word' id='word_1_61' title='bbox 1453 1641 1597 1688; x_wconf 87' lang='lat' dir='ltr'><strong>velut</strong></span> 
     </span>
     <span class='ocr_line' id='line_1_15' title="bbox 537 1714 1597 1778; baseline -0.001 -16"><span class='ocrx_word' id='word_1_62' title='bbox 537 1714 760 1763; x_wconf 86' lang='lat' dir='ltr'><strong>omnium</strong></span> <span class='ocrx_word' id='word_1_63' title='bbox 773 1715 1026 1763; x_wconf 85' lang='lat' dir='ltr'><strong>scelerum</strong></span> <span class='ocrx_word' id='word_1_64' title='bbox 1050 1715 1334 1778; x_wconf 75' lang='lat' dir='ltr'><strong>materiam,</strong></span> <span class='ocrx_word' id='word_1_65' title='bbox 1349 1714 1597 1764; x_wconf 86' lang='lat' dir='ltr'><strong>sustulit.&#39;</strong></span> 
     </span>
    </p>

    <p class='ocr_par' dir='ltr' id='par_1_7' title="bbox 529 1789 1597 2591">
     <span class='ocr_line' id='line_1_16' title="bbox 603 1789 1597 1854; baseline 0.004 -17"><span class='ocrx_word' id='word_1_66' title='bbox 603 1789 862 1839; x_wconf 77' lang='lat' dir='ltr'><strong>Interiores</strong></span> <span class='ocrx_word' id='word_1_67' title='bbox 878 1789 1138 1854; x_wconf 74' lang='lat' dir='ltr'><strong>simplicius</strong></span> <span class='ocrx_word' id='word_1_68' title='bbox 1157 1797 1204 1840; x_wconf 79' lang='lat' dir='ltr'><strong>et</strong></span> <span class='ocrx_word' id='word_1_69' title='bbox 1227 1791 1466 1854; x_wconf 68' lang='lat' dir='ltr'><strong>antiquius</strong></span> <span class='ocrx_word' id='word_1_70' title='bbox 1489 1805 1597 1854; x_wconf 80' lang='lat' dir='ltr'><strong>per-</strong></span> 
     </span>
     <span class='ocr_line' id='line_1_17' title="bbox 535 1866 1595 1930; baseline 0.002 -16"><span class='ocrx_word' id='word_1_71' title='bbox 535 1866 815 1928; x_wconf 72' lang='lat' dir='ltr'><strong><em>mutatione]</em></strong></span> <span class='ocrx_word' id='word_1_72' title='bbox 849 1866 1006 1930; x_wconf 84' lang='lat' dir='ltr'>Apud</span> <span class='ocrx_word' id='word_1_73' title='bbox 1027 1867 1284 1918; x_wconf 89' lang='lat' dir='ltr'><strong>Herodot.</strong></span> <span class='ocrx_word' id='word_1_74' title='bbox 1303 1869 1337 1916; x_wconf 87' lang='lat' dir='ltr'><strong>l.</strong></span> <span class='ocrx_word' id='word_1_75' title='bbox 1355 1877 1394 1916; x_wconf 87' lang='lat'><strong>1.</strong></span> <span class='ocrx_word' id='word_1_76' title='bbox 1431 1866 1595 1930; x_wconf 81' lang='lat' dir='ltr'>Cyrus</span> 
     </span>
     <span class='ocr_line' id='line_1_18' title="bbox 535 1939 1596 2008; baseline 0.003 -19"><span class='ocrx_word' id='word_1_77' title='bbox 535 1939 1042 1992; x_wconf 81' lang='lat' dir='ltr'><strong>Lacedaemoniorum</strong></span> <span class='ocrx_word' id='word_1_78' title='bbox 1079 1943 1256 2008; x_wconf 79' lang='lat' dir='ltr'><strong>legato</strong></span> <span class='ocrx_word' id='word_1_79' title='bbox 1294 1943 1596 2006; x_wconf 74' lang='lat' dir='ltr'><strong>respondet,</strong></span> 
     </span>
     <span class='ocr_line' id='line_1_19' title="bbox 534 2019 1594 2082; baseline 0.003 -17"><span class='ocrx_word' id='word_1_80' title='bbox 534 2031 590 2066; x_wconf 78' lang='lat' dir='ltr'><strong>se</strong></span> <span class='ocrx_word' id='word_1_81' title='bbox 619 2031 875 2081; x_wconf 86' lang='lat' dir='ltr'><strong>nunquam</strong></span> <span class='ocrx_word' id='word_1_82' title='bbox 914 2019 1245 2082; x_wconf 73' lang='lat' dir='ltr'><strong>pertimuisse</strong></span> <span class='ocrx_word' id='word_1_83' title='bbox 1275 2020 1504 2069; x_wconf 83' lang='lat' dir='ltr'><strong>homines</strong></span> <span class='ocrx_word' id='word_1_84' title='bbox 1535 2019 1594 2068; x_wconf 87' lang='lat' dir='ltr'><strong>il·</strong></span> 
     </span>
     <span class='ocr_line' id='line_1_20' title="bbox 535 2092 1590 2158; baseline 0.002 -18"><span class='ocrx_word' id='word_1_85' title='bbox 535 2094 630 2154; x_wconf 87' lang='lat' dir='ltr'><strong>los,</strong></span> <span class='ocrx_word' id='word_1_86' title='bbox 664 2092 843 2158; x_wconf 85' lang='lat' dir='ltr'><strong>quibus</strong></span> <span class='ocrx_word' id='word_1_87' title='bbox 873 2095 1017 2143; x_wconf 87' lang='lat' dir='ltr'><strong>locus</strong></span> <span class='ocrx_word' id='word_1_88' title='bbox 1051 2101 1164 2144; x_wconf 85' lang='lat' dir='ltr'><strong>erat</strong></span> <span class='ocrx_word' id='word_1_89' title='bbox 1193 2095 1245 2143; x_wconf 91' lang='lat' dir='ltr'><strong>in</strong></span> <span class='ocrx_word' id='word_1_90' title='bbox 1271 2094 1441 2154; x_wconf 74' lang='lat' dir='ltr'><strong>media</strong></span> <span class='ocrx_word' id='word_1_91' title='bbox 1463 2094 1590 2144; x_wconf 89' lang='lat' dir='ltr'><strong>urbe</strong></span> 
     </span>
     <span class='ocr_line' id='line_1_21' title="bbox 532 2167 1590 2232; baseline 0 -16"><span class='ocrx_word' id='word_1_92' title='bbox 532 2167 800 2230; x_wconf 88' lang='lat' dir='ltr'><strong>publicus;</strong></span> <span class='ocrx_word' id='word_1_93' title='bbox 853 2183 956 2232; x_wconf 86' lang='lat' dir='ltr'><strong>quo</strong></span> <span class='ocrx_word' id='word_1_94' title='bbox 992 2169 1380 2230; x_wconf 82' lang='lat' dir='ltr'><strong>convenientes,</strong></span> <span class='ocrx_word' id='word_1_95' title='bbox 1413 2176 1590 2218; x_wconf 89' lang='lat' dir='ltr'><strong>mutuo</strong></span> 
     </span>
     <span class='ocr_line' id='line_1_22' title="bbox 529 2242 1589 2306; baseline 0.002 -16"><span class='ocrx_word' id='word_1_96' title='bbox 529 2256 645 2291; x_wconf 82' lang='lat' dir='ltr'><strong>sese</strong></span> <span class='ocrx_word' id='word_1_97' title='bbox 685 2243 906 2291; x_wconf 80' lang='lat' dir='ltr'><strong>invicem</strong></span> <span class='ocrx_word' id='word_1_98' title='bbox 946 2242 1291 2306; x_wconf 82' lang='lat' dir='ltr'><strong>jurejurando</strong></span> <span class='ocrx_word' id='word_1_99' title='bbox 1331 2243 1589 2293; x_wconf 80' lang='lat' dir='ltr'><strong>fallerent.</strong></span> 
     </span>
     <span class='ocr_line' id='line_1_23' title="bbox 532 2316 1592 2382; baseline 0.002 -15"><span class='ocrx_word' id='word_1_100' title='bbox 532 2316 664 2367; x_wconf 75' lang='lat' dir='ltr'><strong>Qnae</strong></span> <span class='ocrx_word' id='word_1_101' title='bbox 683 2316 856 2380; x_wconf 80' lang='lat' dir='ltr'><strong>verba,</strong></span> <span class='ocrx_word' id='word_1_102' title='bbox 880 2323 938 2366; x_wconf 92' lang='lat' dir='ltr'><strong>ut</strong></span> <span class='ocrx_word' id='word_1_103' title='bbox 961 2317 1050 2366; x_wconf 88' lang='lat' dir='ltr'><strong>ille</strong></span> <span class='ocrx_word' id='word_1_104' title='bbox 1072 2318 1164 2379; x_wconf 81' lang='lat' dir='ltr'><strong>ait,</strong></span> <span class='ocrx_word' id='word_1_105' title='bbox 1186 2319 1200 2346; x_wconf 76' lang='lat'>⁸</span> <span class='ocrx_word' id='word_1_106' title='bbox 1214 2318 1348 2382; x_wconf 90' lang='lat' dir='ltr'><strong>jecit</strong></span> <span class='ocrx_word' id='word_1_107' title='bbox 1370 2319 1422 2368; x_wconf 87' lang='lat' dir='ltr'><strong>in</strong></span> <span class='ocrx_word' id='word_1_108' title='bbox 1442 2319 1592 2370; x_wconf 79' lang='lat' dir='ltr'><strong>Grae·</strong></span> 
     </span>
     <span class='ocr_line' id='line_1_24' title="bbox 532 2390 1590 2456; baseline 0.004 -16"><span class='ocrx_word' id='word_1_109' title='bbox 532 2403 617 2440; x_wconf 89' lang='lat' dir='ltr'><strong>cos</strong></span> <span class='ocrx_word' id='word_1_110' title='bbox 633 2391 922 2456; x_wconf 85' lang='lat' dir='ltr'><strong>omnes,qui</strong></span> <span class='ocrx_word' id='word_1_111' title='bbox 946 2393 998 2440; x_wconf 89' lang='lat' dir='ltr'><strong>in</strong></span> <span class='ocrx_word' id='word_1_112' title='bbox 1017 2390 1132 2442; x_wconf 85' lang='lat' dir='ltr'><strong>foro</strong></span> <span class='ocrx_word' id='word_1_113' title='bbox 1147 2393 1376 2443; x_wconf 83' lang='lat' dir='ltr'><strong>vendunt</strong></span> <span class='ocrx_word' id='word_1_114' title='bbox 1393 2404 1590 2445; x_wconf 85' lang='lat' dir='ltr'><strong>emunt-</strong></span> 
     </span>
     <span class='ocr_line' id='line_1_25' title="bbox 531 2467 1590 2530; baseline 0.005 -16"><span class='ocrx_word' id='word_1_115' title='bbox 531 2479 633 2528; x_wconf 84' lang='lat' dir='ltr'><strong>que</strong></span> <span class='ocrx_word' id='word_1_116' title='bbox 653 2467 848 2527; x_wconf 81' lang='lat' dir='ltr'><strong>multa3</strong></span> <span class='ocrx_word' id='word_1_117' title='bbox 881 2481 996 2516; x_wconf 88' lang='lat' dir='ltr'><strong>cum</strong></span> <span class='ocrx_word' id='word_1_118' title='bbox 1030 2468 1168 2530; x_wconf 79' lang='lat' dir='ltr'><strong>apud</strong></span> <span class='ocrx_word' id='word_1_119' title='bbox 1201 2467 1392 2517; x_wconf 78' lang='lat' dir='ltr'><strong>Persas</strong></span> <span class='ocrx_word' id='word_1_120' title='bbox 1419 2471 1590 2520; x_wconf 88' lang='lat' dir='ltr'><strong>nullus</strong></span> 
     </span>
     <span class='ocr_line' id='line_1_26' title="bbox 532 2539 974 2591; baseline 0.002 -3"><span class='ocrx_word' id='word_1_121' title='bbox 532 2547 673 2589; x_wconf 85' lang='lat' dir='ltr'><strong>esset</strong></span> <span class='ocrx_word' id='word_1_122' title='bbox 695 2539 796 2590; x_wconf 82' lang='lat' dir='ltr'><strong>fori</strong></span> <span class='ocrx_word' id='word_1_123' title='bbox 817 2541 974 2591; x_wconf 64' lang='lat' dir='ltr'><strong>usus!</strong></span> 
     </span>
    </p>

    <p class='ocr_par' dir='ltr' id='par_1_8' title="bbox 494 2615 1588 4114">
     <span class='ocr_line' id='line_1_27' title="bbox 595 2615 1585 2680; baseline 0.006 -17"><span class='ocrx_word' id='word_1_124' title='bbox 595 2615 973 2680; x_wconf 66' lang='lat' dir='ltr'><strong>Pet-mutatione]</strong></span> <span class='ocrx_word' id='word_1_125' title='bbox 1047 2617 1301 2668; x_wconf 80' lang='lat' dir='ltr'><strong>Homerus</strong></span> <span class='ocrx_word' id='word_1_126' title='bbox 1333 2633 1434 2668; x_wconf 77' lang='lat' dir='ltr'><strong>vn.</strong></span> <span class='ocrx_word' id='word_1_127' title='bbox 1466 2620 1585 2669; x_wconf 83' lang='lat' dir='ltr'><strong>Ilia-</strong></span> 
     </span>
     <span class='ocr_line' id='line_1_28' title="bbox 528 2689 1588 2746; baseline 0.007 -8"><span class='ocrx_word' id='word_1_128' title='bbox 528 2689 642 2740; x_wconf 83' lang='lat' dir='ltr'><strong>dos.</strong></span> <span class='ocrx_word' id='word_1_129' title='bbox 673 2689 876 2741; x_wconf 81' lang='lat' dir='ltr'><strong>‘Affnit</strong></span> <span class='ocrx_word' id='word_1_130' title='bbox 906 2709 972 2741; x_wconf 88' lang='lat' dir='ltr'><strong>ex</strong></span> <span class='ocrx_word' id='word_1_131' title='bbox 1008 2695 1204 2745; x_wconf 84' lang='lat' dir='ltr'><strong>Lemno</strong></span> <span class='ocrx_word' id='word_1_132' title='bbox 1237 2695 1431 2744; x_wconf 78' lang='lat' dir='ltr'><strong>ratibus</strong></span> <span class='ocrx_word' id='word_1_133' title='bbox 1463 2705 1588 2746; x_wconf 89' lang='lat' dir='ltr'><strong>tunc</strong></span> 
     </span>
     <span class='ocr_line' id='line_1_29' title="bbox 527 2765 1588 2835; baseline 0.008 -22"><span class='ocrx_word' id='word_1_134' title='bbox 527 2765 678 2829; x_wconf 86' lang='lat' dir='ltr'><strong>copia</strong></span> <span class='ocrx_word' id='word_1_135' title='bbox 715 2767 850 2828; x_wconf 74' lang='lat' dir='ltr'><strong>vini3</strong></span> <span class='ocrx_word' id='word_1_136' title='bbox 906 2769 1136 2819; x_wconf 65' lang='lat' dir='ltr'><strong>Caesarie</strong></span> <span class='ocrx_word' id='word_1_137' title='bbox 1177 2771 1402 2835; x_wconf 73' lang='lat' dir='ltr'><strong>insignes</strong></span> <span class='ocrx_word' id='word_1_138' title='bbox 1453 2773 1588 2822; x_wconf 89' lang='lat' dir='ltr'><strong>redi-</strong></span> 
     </span>
     <span class='ocr_line' id='line_1_30' title="bbox 525 2844 1587 2910; baseline 0.008 -20"><span class='ocrx_word' id='word_1_139' title='bbox 525 2849 674 2892; x_wconf 84' lang='lat' dir='ltr'><strong>munt</strong></span> <span class='ocrx_word' id='word_1_140' title='bbox 711 2844 828 2894; x_wconf 85' lang='lat' dir='ltr'><strong>hinc</strong></span> <span class='ocrx_word' id='word_1_141' title='bbox 847 2845 964 2894; x_wconf 83' lang='lat' dir='ltr'><strong>vina</strong></span> <span class='ocrx_word' id='word_1_142' title='bbox 1003 2845 1236 2910; x_wconf 75' lang='lat' dir='ltr'><strong>Pelasgi:</strong></span> <span class='ocrx_word' id='word_1_143' title='bbox 1273 2850 1403 2898; x_wconf 77' lang='lat' dir='ltr'><strong>Pars</strong></span> <span class='ocrx_word' id='word_1_144' title='bbox 1440 2849 1587 2899; x_wconf 84' lang='lat' dir='ltr'><strong>dedit</strong></span> 
     </span>
     <span class='ocr_line' id='line_1_31' title="bbox 528 2919 1585 2986; baseline 0.008 -19"><span class='ocrx_word' id='word_1_145' title='bbox 528 2933 602 2968; x_wconf 68' lang='grc' dir='ltr'><strong>ωε</strong></span> <span class='ocrx_word' id='word_1_146' title='bbox 623 2919 872 2982; x_wconf 80' lang='lat' dir='ltr'><strong>nitidum3</strong></span> <span class='ocrx_word' id='word_1_147' title='bbox 906 2919 1100 2972; x_wconf 81' lang='lat' dir='ltr'><strong>ferrum</strong></span> <span class='ocrx_word' id='word_1_148' title='bbox 1123 2937 1238 2986; x_wconf 82' lang='lat' dir='ltr'><strong>pars</strong></span> <span class='ocrx_word' id='word_1_149' title='bbox 1266 2925 1458 2985; x_wconf 84' lang='lat' dir='ltr'><strong>altera;</strong></span> <span class='ocrx_word' id='word_1_150' title='bbox 1493 2925 1585 2975; x_wconf 88' lang='lat' dir='ltr'><strong>bu-</strong></span> 
     </span>
     <span class='ocr_line' id='line_1_32' title="bbox 527 2994 1578 3063; baseline 0.007 -20"><span class='ocrx_word' id='word_1_151' title='bbox 527 2994 622 3044; x_wconf 85' lang='lat' dir='ltr'><strong>bus</strong></span> <span class='ocrx_word' id='word_1_152' title='bbox 645 2995 878 3061; x_wconf 78' lang='lat' dir='ltr'><strong>Tergora</strong></span> <span class='ocrx_word' id='word_1_153' title='bbox 919 2998 1166 3063; x_wconf 76' lang='lat' dir='ltr'><strong>diripiens</strong></span> <span class='ocrx_word' id='word_1_154' title='bbox 1209 3000 1291 3049; x_wconf 84' lang='lat' dir='ltr'><strong>hic</strong></span> <span class='ocrx_word' id='word_1_155' title='bbox 1335 3001 1578 3063; x_wconf 79' lang='lat' dir='ltr'><strong>protulit3</strong></span> 
     </span>
     <span class='ocr_line' id='line_1_33' title="bbox 523 3071 1582 3138; baseline 0.006 -18"><span class='ocrx_word' id='word_1_156' title='bbox 523 3071 614 3122; x_wconf 89' lang='lat' dir='ltr'><strong>ille</strong></span> <span class='ocrx_word' id='word_1_157' title='bbox 643 3074 755 3138; x_wconf 76' lang='lat' dir='ltr'><strong>agit</strong></span> <span class='ocrx_word' id='word_1_158' title='bbox 785 3074 922 3138; x_wconf 84' lang='lat' dir='ltr'><strong>ipsos</strong></span> <span class='ocrx_word' id='word_1_159' title='bbox 945 3076 1028 3124; x_wconf 85' lang='lat' dir='ltr'><strong>Ad</strong></span> <span class='ocrx_word' id='word_1_160' title='bbox 1065 3090 1222 3125; x_wconf 83' lang='lat' dir='ltr'><strong>naves</strong></span> <span class='ocrx_word' id='word_1_161' title='bbox 1259 3083 1468 3138; x_wconf 76' lang='lat' dir='ltr'><strong>tauros3</strong></span> <span class='ocrx_word' id='word_1_162' title='bbox 1500 3079 1582 3126; x_wconf 87' lang='lat' dir='ltr'><strong>hic</strong></span> 
     </span>
     <span class='ocr_line' id='line_1_34' title="bbox 521 3134 1579 3212; baseline 0.006 -18"><span class='ocrx_word' id='word_1_163' title='bbox 521 3134 664 3196; x_wconf 78' lang='lat' dir='ltr'><strong>bello</strong></span> <span class='ocrx_word' id='word_1_164' title='bbox 698 3163 913 3212; x_wconf 83' lang='lat' dir='ltr'><strong>corpora</strong></span> <span class='ocrx_word' id='word_1_165' title='bbox 947 3151 1136 3212; x_wconf 86' lang='lat' dir='ltr'><strong>capta.’</strong></span> <span class='ocrx_word' id='word_1_166' title='bbox 1203 3153 1270 3198; x_wconf 90' lang='lat' dir='ltr'><strong>Et</strong></span> <span class='ocrx_word' id='word_1_167' title='bbox 1311 3152 1447 3200; x_wconf 89' lang='lat' dir='ltr'><strong>Plin.</strong></span> <span class='ocrx_word' id='word_1_168' title='bbox 1489 3151 1579 3200; x_wconf 85' lang='lat' dir='ltr'><strong>lib.</strong></span> 
     </span>
     <span class='ocr_line' id='line_1_35' title="bbox 521 3225 1582 3287; baseline 0.005 -15"><span class='ocrx_word' id='word_1_169' title='bbox 521 3233 731 3275; x_wconf 76' lang='lat' dir='ltr'><strong>xxxnt.</strong></span> <span class='ocrx_word' id='word_1_170' title='bbox 774 3225 790 3254; x_wconf 86' lang='lat'>‘</span> <span class='ocrx_word' id='word_1_171' title='bbox 815 3225 1030 3275; x_wconf 83' lang='lat' dir='ltr'><strong>Utinam</strong></span> <span class='ocrx_word' id='word_1_172' title='bbox 1053 3233 1227 3287; x_wconf 86' lang='lat' dir='ltr'><strong>posset</strong></span> <span class='ocrx_word' id='word_1_173' title='bbox 1251 3241 1278 3274; x_wconf 90' lang='lat' dir='ltr'><strong>e</strong></span> <span class='ocrx_word' id='word_1_174' title='bbox 1301 3228 1410 3276; x_wconf 77' lang='lat' dir='ltr'><strong>vita</strong></span> <span class='ocrx_word' id='word_1_175' title='bbox 1433 3227 1484 3276; x_wconf 88' lang='lat' dir='ltr'><strong>in</strong></span> <span class='ocrx_word' id='word_1_176' title='bbox 1506 3234 1582 3278; x_wconf 94' lang='lat' dir='ltr'><strong>to-</strong></span> 
     </span>
     <span class='ocr_line' id='line_1_36' title="bbox 523 3299 1581 3364; baseline 0.007 -19"><span class='ocrx_word' id='word_1_177' title='bbox 523 3303 634 3347; x_wconf 85' lang='lat' dir='ltr'><strong>tum</strong></span> <span class='ocrx_word' id='word_1_178' title='bbox 657 3299 886 3347; x_wconf 82' lang='lat' dir='ltr'><strong>abdicari</strong></span> <span class='ocrx_word' id='word_1_179' title='bbox 908 3313 1107 3364; x_wconf 81' lang='lat' dir='ltr'><strong>aurum,</strong></span> <span class='ocrx_word' id='word_1_180' title='bbox 1142 3315 1288 3349; x_wconf 85' lang='lat' dir='ltr'><strong>sacra</strong></span> <span class='ocrx_word' id='word_1_181' title='bbox 1319 3300 1500 3362; x_wconf 81' lang='lat' dir='ltr'><strong>fames,</strong></span> <span class='ocrx_word' id='word_1_182' title='bbox 1523 3308 1581 3352; x_wconf 87' lang='lat' dir='ltr'><strong>ut</strong></span> 
     </span>
     <span class='ocr_line' id='line_1_37' title="bbox 521 3373 1582 3440; baseline 0.006 -18"><span class='ocrx_word' id='word_1_183' title='bbox 521 3373 846 3424; x_wconf 81' lang='lat' dir='ltr'><strong>celeberrimi</strong></span> <span class='ocrx_word' id='word_1_184' title='bbox 870 3382 1105 3424; x_wconf 80' lang='lat' dir='ltr'><strong>auctores</strong></span> <span class='ocrx_word' id='word_1_185' title='bbox 1141 3377 1340 3438; x_wconf 80' lang='lat' dir='ltr'><strong>dixere,</strong></span> <span class='ocrx_word' id='word_1_186' title='bbox 1367 3379 1582 3440; x_wconf 83' lang='lat' dir='ltr'><strong>proscis-</strong></span> 
     </span>
     <span class='ocr_line' id='line_1_38' title="bbox 519 3450 1582 3518; baseline 0.006 -20"><span class='ocrx_word' id='word_1_187' title='bbox 519 3463 632 3499; x_wconf 80' lang='lat' dir='ltr'><strong>sum</strong></span> <span class='ocrx_word' id='word_1_188' title='bbox 655 3450 902 3500; x_wconf 76' lang='lat' dir='ltr'><strong>conviciis</strong></span> <span class='ocrx_word' id='word_1_189' title='bbox 936 3451 1000 3499; x_wconf 87' lang='lat' dir='ltr'><strong>ab</strong></span> <span class='ocrx_word' id='word_1_190' title='bbox 1032 3452 1242 3514; x_wconf 74' lang='lat' dir='ltr'><strong>optimis</strong></span> <span class='ocrx_word' id='word_1_191' title='bbox 1275 3453 1582 3518; x_wconf 79' lang='lat' dir='ltr'><strong>quibusque,</strong></span> 
     </span>
     <span class='ocr_line' id='line_1_39' title="bbox 519 3524 1580 3590; baseline 0.005 -16"><span class='ocrx_word' id='word_1_192' title='bbox 519 3524 654 3574; x_wconf 84' lang='lat' dir='ltr'><strong>etad</strong></span> <span class='ocrx_word' id='word_1_193' title='bbox 673 3527 954 3588; x_wconf 87' lang='lat' dir='ltr'><strong>perniciem</strong></span> <span class='ocrx_word' id='word_1_194' title='bbox 967 3527 1086 3574; x_wconf 73' lang='lat' dir='ltr'><strong>vita·</strong></span> <span class='ocrx_word' id='word_1_195' title='bbox 1102 3537 1381 3590; x_wconf 84' lang='lat' dir='ltr'><strong>repertum.</strong></span> <span class='ocrx_word' id='word_1_196' title='bbox 1407 3531 1580 3581; x_wconf 82' lang='lat' dir='ltr'><strong>Quan-</strong></span> 
     </span>
     <span class='ocr_line' id='line_1_40' title="bbox 519 3601 1578 3668; baseline 0.003 -17"><span class='ocrx_word' id='word_1_197' title='bbox 519 3607 631 3651; x_wconf 87' lang='lat' dir='ltr'><strong>tum</strong></span> <span class='ocrx_word' id='word_1_198' title='bbox 653 3601 884 3651; x_wconf 82' lang='lat' dir='ltr'><strong>feliciore</strong></span> <span class='ocrx_word' id='word_1_199' title='bbox 907 3617 1038 3663; x_wconf 69' lang='lat' dir='ltr'><strong>aevo,</strong></span> <span class='ocrx_word' id='word_1_200' title='bbox 1063 3617 1178 3651; x_wconf 90' lang='lat' dir='ltr'><strong>cum</strong></span> <span class='ocrx_word' id='word_1_201' title='bbox 1200 3618 1280 3652; x_wconf 80' lang='lat' dir='ltr'><strong>res</strong></span> <span class='ocrx_word' id='word_1_202' title='bbox 1303 3605 1428 3667; x_wconf 66' lang='lat' dir='ltr'><strong>ipsae</strong></span> <span class='ocrx_word' id='word_1_203' title='bbox 1463 3621 1578 3668; x_wconf 88' lang='lat' dir='ltr'><strong>per-</strong></span> 
     </span>
     <span class='ocr_line' id='line_1_41' title="bbox 517 3676 1581 3744; baseline 0.006 -20"><span class='ocrx_word' id='word_1_204' title='bbox 517 3676 852 3726; x_wconf 79' lang='lat' dir='ltr'><strong>mutabantur</strong></span> <span class='ocrx_word' id='word_1_205' title='bbox 895 3679 1032 3726; x_wconf 89' lang='lat' dir='ltr'><strong>inter</strong></span> <span class='ocrx_word' id='word_1_206' title='bbox 1071 3693 1145 3739; x_wconf 82' lang='lat' dir='ltr'><strong>se,</strong></span> <span class='ocrx_word' id='word_1_207' title='bbox 1184 3681 1318 3728; x_wconf 88' lang='lat' dir='ltr'><strong>sicut</strong></span> <span class='ocrx_word' id='word_1_208' title='bbox 1341 3681 1581 3744; x_wconf 84' lang='lat' dir='ltr'><strong>Trojanis</strong></span> 
     </span>
     <span class='ocr_line' id='line_1_42' title="bbox 494 3752 1574 3814; baseline 0.005 -13"><span class='ocrx_word' id='word_1_209' title='bbox 494 3785 498 3788; x_wconf 91' lang='lat'><em>-</em></span> <span class='ocrx_word' id='word_1_210' title='bbox 519 3753 840 3814; x_wconf 76' lang='lat' dir='ltr'><strong>temporibus</strong></span> <span class='ocrx_word' id='word_1_211' title='bbox 861 3752 1154 3803; x_wconf 81' lang='lat' dir='ltr'><strong>factitatum</strong></span> <span class='ocrx_word' id='word_1_212' title='bbox 1177 3756 1407 3805; x_wconf 88' lang='lat' dir='ltr'><strong>Homero</strong></span> <span class='ocrx_word' id='word_1_213' title='bbox 1430 3759 1574 3806; x_wconf 77' lang='lat' dir='ltr'><strong>credi</strong></span> 
     </span>
     <span class='ocr_line' id='line_1_43' title="bbox 519 3827 1576 3894; baseline 0.003 -17"><span class='ocrx_word' id='word_1_214' title='bbox 519 3827 792 3877; x_wconf 82' lang='lat' dir='ltr'><strong>convenit!</strong></span> <span class='ocrx_word' id='word_1_215' title='bbox 849 3829 926 3877; x_wconf 79' lang='lat' dir='ltr'><strong>lta</strong></span> <span class='ocrx_word' id='word_1_216' title='bbox 951 3829 1083 3876; x_wconf 80' lang='lat' dir='ltr'><strong>enim</strong></span> <span class='ocrx_word' id='word_1_217' title='bbox 1108 3829 1192 3894; x_wconf 89' lang='lat' dir='ltr'><strong>(ut</strong></span> <span class='ocrx_word' id='word_1_218' title='bbox 1215 3831 1421 3891; x_wconf 88' lang='lat' dir='ltr'><strong>opinor)</strong></span> <span class='ocrx_word' id='word_1_219' title='bbox 1441 3845 1576 3880; x_wconf 83' lang='lat' dir='ltr'><strong>com·</strong></span> 
     </span>
     <span class='ocr_line' id='line_1_44' title="bbox 517 3902 1576 3966; baseline 0.002 -14"><span class='ocrx_word' id='word_1_220' title='bbox 517 3902 712 3952; x_wconf 83' lang='lat' dir='ltr'><strong>mercia</strong></span> <span class='ocrx_word' id='word_1_221' title='bbox 733 3903 899 3951; x_wconf 78' lang='lat' dir='ltr'><strong>vietus</strong></span> <span class='ocrx_word' id='word_1_222' title='bbox 941 3905 1103 3966; x_wconf 81' lang='lat' dir='ltr'><strong>gratia</strong></span> <span class='ocrx_word' id='word_1_223' title='bbox 1141 3904 1365 3952; x_wconf 80' lang='lat' dir='ltr'><strong>inventa.</strong></span> <span class='ocrx_word' id='word_1_224' title='bbox 1433 3905 1576 3956; x_wconf 81' lang='lat' dir='ltr'><strong>Alios</strong></span> 
     </span>
     <span class='ocr_line' id='line_1_45' title="bbox 517 3977 1576 4044; baseline 0.002 -15"><span class='ocrx_word' id='word_1_225' title='bbox 517 3977 671 4030; x_wconf 81' lang='lat' dir='ltr'><strong>coriis</strong></span> <span class='ocrx_word' id='word_1_226' title='bbox 689 3977 860 4037; x_wconf 86' lang='lat' dir='ltr'><strong>boum,</strong></span> <span class='ocrx_word' id='word_1_227' title='bbox 889 3981 1025 4027; x_wconf 75' lang='lat' dir='ltr'><strong>alios</strong></span> <span class='ocrx_word' id='word_1_228' title='bbox 1064 3978 1220 4038; x_wconf 80' lang='lat' dir='ltr'><strong>ferro,</strong></span> <span class='ocrx_word' id='word_1_229' title='bbox 1253 3980 1576 4044; x_wconf 76' lang='lat' dir='ltr'><strong>captivisque</strong></span> 
     </span>
     <span class='ocr_line' id='line_1_46' title="bbox 517 4055 1302 4114; baseline 0 -10"><span class='ocrx_word' id='word_1_230' title='bbox 517 4055 671 4104; x_wconf 81' lang='lat' dir='ltr'><strong>rebus</strong></span> <span class='ocrx_word' id='word_1_231' title='bbox 693 4056 958 4104; x_wconf 74' lang='lat' dir='ltr'><strong>emtitasse</strong></span> <span class='ocrx_word' id='word_1_232' title='bbox 985 4055 1183 4114; x_wconf 80' lang='lat' dir='ltr'><strong>tradit,’</strong></span> <span class='ocrx_word' id='word_1_233' title='bbox 1207 4061 1302 4104; x_wconf 80' lang='lat' dir='ltr'><strong>&amp;c.</strong></span> 
     </span>
    </p>

    <p class='ocr_par' dir='ltr' id='par_1_9' title="bbox 515 4129 1579 4349">
     <span class='ocr_line' id='line_1_47' title="bbox 584 4129 1575 4192; baseline 0.001 -12"><span class='ocrx_word' id='word_1_234' title='bbox 584 4137 610 4162; x_wconf 76' lang='lat'><strong>¹</strong></span> <span class='ocrx_word' id='word_1_235' title='bbox 639 4129 948 4192; x_wconf 68' lang='lat' dir='ltr'><strong>Diunotom]</strong></span> <span class='ocrx_word' id='word_1_236' title='bbox 985 4133 1113 4180; x_wconf 77' lang='lat' dir='ltr'><strong>Qnae</strong></span> <span class='ocrx_word' id='word_1_237' title='bbox 1148 4131 1235 4178; x_wconf 86' lang='lat' dir='ltr'><strong>diu</strong></span> <span class='ocrx_word' id='word_1_238' title='bbox 1273 4131 1498 4180; x_wconf 81' lang='lat' dir='ltr'><strong>obtinuit</strong></span> <span class='ocrx_word' id='word_1_239' title='bbox 1519 4143 1575 4181; x_wconf 81' lang='lat' dir='ltr'><strong>et</strong></span> 
     </span>
     <span class='ocr_line' id='line_1_48' title="bbox 515 4204 1579 4272; baseline 0.005 -18"><span class='ocrx_word' id='word_1_240' title='bbox 515 4204 573 4254; x_wconf 84' lang='lat' dir='ltr'><strong>iu</strong></span> <span class='ocrx_word' id='word_1_241' title='bbox 604 4219 698 4255; x_wconf 83' lang='lat' dir='ltr'><strong>usu</strong></span> <span class='ocrx_word' id='word_1_242' title='bbox 721 4205 840 4269; x_wconf 80' lang='lat' dir='ltr'><strong>fuit,</strong></span> <span class='ocrx_word' id='word_1_243' title='bbox 877 4221 972 4270; x_wconf 90' lang='lat' dir='ltr'><strong>per</strong></span> <span class='ocrx_word' id='word_1_244' title='bbox 1001 4209 1309 4256; x_wconf 85' lang='lat' dir='ltr'><strong>commercia</strong></span> <span class='ocrx_word' id='word_1_245' title='bbox 1329 4209 1468 4258; x_wconf 89' lang='lat' dir='ltr'><strong>inter</strong></span> <span class='ocrx_word' id='word_1_246' title='bbox 1489 4225 1579 4272; x_wconf 90' lang='lat' dir='ltr'><strong>po-</strong></span> 
     </span>
     <span class='ocr_line' id='line_1_49' title="bbox 517 4281 1574 4349; baseline 0.006 -18"><span class='ocrx_word' id='word_1_247' title='bbox 517 4281 683 4346; x_wconf 74' lang='lat' dir='ltr'><strong>pulos.</strong></span> <span class='ocrx_word' id='word_1_248' title='bbox 736 4284 892 4335; x_wconf 80' lang='lat' dir='ltr'><strong>Forte</strong></span> <span class='ocrx_word' id='word_1_249' title='bbox 907 4282 1300 4347; x_wconf 76' lang='lat' dir='ltr'><strong>intelligendum</strong></span> <span class='ocrx_word' id='word_1_250' title='bbox 1317 4292 1416 4349; x_wconf 74' lang='lat' dir='ltr'><strong>est,</strong></span> <span class='ocrx_word' id='word_1_251' title='bbox 1436 4285 1574 4337; x_wconf 78' lang='lat' dir='ltr'><strong>illam</strong></span> 
     </span>
    </p>
   </div>
   <div class='ocr_carea' id='block_1_6' title="bbox 1676 949 2750 1548">
    <p class='ocr_par' dir='ltr' id='par_1_10' title="bbox 1683 949 2747 1079">
     <span class='ocr_line' id='line_1_50' title="bbox 1683 949 2747 1018; baseline -0.004 -16"><span class='ocrx_word' id='word_1_252' title='bbox 1683 952 1949 1018; x_wconf 74' lang='lat' dir='ltr'><strong>pecuniam</strong></span> <span class='ocrx_word' id='word_1_253' title='bbox 1963 949 2274 1016; x_wconf 83' lang='lat' dir='ltr'><strong>jampridem</strong></span> <span class='ocrx_word' id='word_1_254' title='bbox 2298 955 2473 999; x_wconf 83' lang='lat' dir='ltr'><strong>notam</strong></span> <span class='ocrx_word' id='word_1_255' title='bbox 2489 963 2600 999; x_wconf 83' lang='lat' dir='ltr'><strong>esse</strong></span> <span class='ocrx_word' id='word_1_256' title='bbox 2616 949 2747 998; x_wconf 86' lang='lat' dir='ltr'><strong>Ger-</strong></span> 
     </span>
     <span class='ocr_line' id='line_1_51' title="bbox 1683 1044 1862 1079; baseline 0.011 -2"><span class='ocrx_word' id='word_1_257' title='bbox 1683 1044 1862 1079; x_wconf 76' lang='lat' dir='ltr'><strong>manis.</strong></span> 
     </span>
    </p>

    <p class='ocr_par' dir='ltr' id='par_1_11' title="bbox 1676 1100 2750 1548">
     <span class='ocr_line' id='line_1_52' title="bbox 1746 1100 2747 1167; baseline -0.004 -14"><span class='ocrx_word' id='word_1_258' title='bbox 1746 1112 1769 1136; x_wconf 77' lang='lat'>&#39;</span> <span class='ocrx_word' id='word_1_259' title='bbox 1800 1104 2041 1165; x_wconf 71' lang='lat' dir='ltr'><strong>Ser-rotor,</strong></span> <span class='ocrx_word' id='word_1_260' title='bbox 2074 1101 2396 1167; x_wconf 69' lang='lat' dir='ltr'><strong>Bigatosque]</strong></span> <span class='ocrx_word' id='word_1_261' title='bbox 2434 1100 2639 1164; x_wconf 71' lang='lat' dir='ltr'><strong>Serv-ati,</strong></span> <span class='ocrx_word' id='word_1_262' title='bbox 2670 1100 2747 1150; x_wconf 84' lang='lat' dir='ltr'><strong>in·</strong></span> 
     </span>
     <span class='ocr_line' id='line_1_53' title="bbox 1680 1176 2750 1246; baseline -0.006 -16"><span class='ocrx_word' id='word_1_263' title='bbox 1680 1181 1883 1246; x_wconf 82' lang='lat' dir='ltr'><strong>quiunt,</strong></span> <span class='ocrx_word' id='word_1_264' title='bbox 1921 1181 2131 1242; x_wconf 87' lang='lat' dir='ltr'><strong>nummi,</strong></span> <span class='ocrx_word' id='word_1_265' title='bbox 2168 1179 2354 1242; x_wconf 87' lang='lat' dir='ltr'><strong>quibus</strong></span> <span class='ocrx_word' id='word_1_266' title='bbox 2398 1192 2541 1226; x_wconf 80' lang='lat' dir='ltr'><strong>serroe</strong></span> <span class='ocrx_word' id='word_1_267' title='bbox 2580 1176 2750 1226; x_wconf 79' lang='lat' dir='ltr'><strong>forma</strong></span> 
     </span>
     <span class='ocr_line' id='line_1_54' title="bbox 1678 1250 2745 1321; baseline -0.005 -16"><span class='ocrx_word' id='word_1_268' title='bbox 1678 1257 1928 1321; x_wconf 87' lang='lat' dir='ltr'><strong>impressa</strong></span> <span class='ocrx_word' id='word_1_269' title='bbox 1958 1257 2065 1305; x_wconf 86' lang='lat' dir='ltr'><strong>sive</strong></span> <span class='ocrx_word' id='word_1_270' title='bbox 2097 1256 2305 1313; x_wconf 78' lang='lat' dir='ltr'><strong>incusa3</strong></span> <span class='ocrx_word' id='word_1_271' title='bbox 2341 1259 2399 1302; x_wconf 85' lang='lat' dir='ltr'><strong>ut</strong></span> <span class='ocrx_word' id='word_1_272' title='bbox 2419 1253 2594 1314; x_wconf 74' lang='lat' dir='ltr'><strong>Bigati</strong></span> <span class='ocrx_word' id='word_1_273' title='bbox 2630 1250 2745 1317; x_wconf 86' lang='lat' dir='ltr'><strong>qui-</strong></span> 
     </span>
     <span class='ocr_line' id='line_1_55' title="bbox 1676 1329 2745 1396; baseline -0.005 -13"><span class='ocrx_word' id='word_1_274' title='bbox 1676 1334 1771 1383; x_wconf 89' lang='lat' dir='ltr'><strong>bus</strong></span> <span class='ocrx_word' id='word_1_275' title='bbox 1792 1333 2011 1396; x_wconf 68' lang='lat' dir='ltr'><strong>bigarum</strong></span> <span class='ocrx_word' id='word_1_276' title='bbox 2044 1333 2233 1395; x_wconf 79' lang='lat' dir='ltr'><strong>imago,</strong></span> <span class='ocrx_word' id='word_1_277' title='bbox 2268 1339 2324 1380; x_wconf 88' lang='lat' dir='ltr'><strong>et</strong></span> <span class='ocrx_word' id='word_1_278' title='bbox 2349 1330 2415 1379; x_wconf 90' lang='lat' dir='ltr'><strong>de</strong></span> <span class='ocrx_word' id='word_1_279' title='bbox 2437 1329 2514 1378; x_wconf 76' lang='lat' dir='ltr'><strong>liis</strong></span> <span class='ocrx_word' id='word_1_280' title='bbox 2536 1329 2745 1393; x_wconf 85' lang='lat' dir='ltr'><strong>quidem</strong></span> 
     </span>
     <span class='ocr_line' id='line_1_56' title="bbox 1676 1403 2746 1470; baseline -0.008 -9"><span class='ocrx_word' id='word_1_281' title='bbox 1676 1411 1869 1460; x_wconf 83' lang='lat' dir='ltr'><strong>clarum</strong></span> <span class='ocrx_word' id='word_1_282' title='bbox 1887 1416 1995 1470; x_wconf 87' lang='lat' dir='ltr'><strong>est;</strong></span> <span class='ocrx_word' id='word_1_283' title='bbox 2028 1410 2163 1458; x_wconf 86' lang='lat' dir='ltr'><strong>oculi</strong></span> <span class='ocrx_word' id='word_1_284' title='bbox 2182 1423 2261 1456; x_wconf 88' lang='lat' dir='ltr'><strong>me</strong></span> <span class='ocrx_word' id='word_1_285' title='bbox 2279 1406 2471 1456; x_wconf 86' lang='lat' dir='ltr'><strong>docent</strong></span> <span class='ocrx_word' id='word_1_286' title='bbox 2492 1403 2746 1468; x_wconf 83' lang='lat' dir='ltr'><strong>qnotidie.</strong></span> 
     </span>
     <span class='ocr_line' id='line_1_57' title="bbox 1677 1481 2743 1548; baseline -0.006 -12"><span class='ocrx_word' id='word_1_287' title='bbox 1677 1486 1752 1535; x_wconf 89' lang='lat' dir='ltr'><strong>At</strong></span> <span class='ocrx_word' id='word_1_288' title='bbox 1770 1486 1838 1535; x_wconf 88' lang='lat' dir='ltr'><strong>de</strong></span> <span class='ocrx_word' id='word_1_289' title='bbox 1854 1487 2083 1546; x_wconf 71' lang='lat' dir='ltr'><strong>Seru-atis,</strong></span> <span class='ocrx_word' id='word_1_290' title='bbox 2101 1485 2215 1548; x_wconf 88' lang='lat' dir='ltr'><strong>quis</strong></span> <span class='ocrx_word' id='word_1_291' title='bbox 2241 1481 2457 1545; x_wconf 86' lang='lat' dir='ltr'><strong>protulit</strong></span> <span class='ocrx_word' id='word_1_292' title='bbox 2482 1494 2743 1530; x_wconf 84' lang='lat' dir='ltr'><strong>nummum</strong></span> 
     </span>
    </p>
   </div>
   <div class='ocr_carea' id='block_1_7' title="bbox 1636 1556 2680 1624">
    <p class='ocr_par' dir='ltr' id='par_1_12' title="bbox 1636 1556 2680 1624">
     <span class='ocr_line' id='line_1_58' title="bbox 1636 1556 2680 1624; baseline -0.005 -16"><span class='ocrx_word' id='word_1_293' title='bbox 1636 1593 1644 1598; x_wconf 91' lang='lat'>-</span> <span class='ocrx_word' id='word_1_294' title='bbox 1678 1561 1753 1610; x_wconf 88' lang='lat' dir='ltr'><strong>sic</strong></span> <span class='ocrx_word' id='word_1_295' title='bbox 1776 1561 2112 1624; x_wconf 83' lang='lat' dir='ltr'><strong>impressum?</strong></span> <span class='ocrx_word' id='word_1_296' title='bbox 2151 1559 2265 1608; x_wconf 84' lang='lat' dir='ltr'><strong>Non</strong></span> <span class='ocrx_word' id='word_1_297' title='bbox 2292 1557 2413 1618; x_wconf 76' lang='lat' dir='ltr'><strong>vidi,</strong></span> <span class='ocrx_word' id='word_1_298' title='bbox 2436 1569 2534 1605; x_wconf 91' lang='lat' dir='ltr'><strong>non</strong></span> <span class='ocrx_word' id='word_1_299' title='bbox 2556 1556 2680 1619; x_wconf 77' lang='lat' dir='ltr'><strong>legi.</strong></span> 
     </span>
    </p>
   </div>
   <div class='ocr_carea' id='block_1_8' title="bbox 1662 1632 2787 2985">
    <p class='ocr_par' dir='ltr' id='par_1_13' title="bbox 1673 1632 2787 2143">
     <span class='ocr_line' id='line_1_59' title="bbox 1744 1632 2787 1700; baseline -0.008 -12"><span class='ocrx_word' id='word_1_300' title='bbox 1744 1637 1963 1688; x_wconf 69' lang='lat' dir='ltr'><strong>Serv-ctos</strong></span> <span class='ocrx_word' id='word_1_301' title='bbox 1998 1637 2216 1700; x_wconf 81' lang='lat' dir='ltr'><strong>capiam,</strong></span> <span class='ocrx_word' id='word_1_302' title='bbox 2260 1649 2477 1700; x_wconf 83' lang='lat' dir='ltr'><strong>qnorum</strong></span> <span class='ocrx_word' id='word_1_303' title='bbox 2520 1632 2747 1682; x_wconf 76' lang='lat' dir='ltr'><strong>ambitus</strong></span> <span class='ocrx_word' id='word_1_304' title='bbox 2784 1655 2787 1658; x_wconf 46' lang='lat'><strong>⁴</strong></span> 
     </span>
     <span class='ocr_line' id='line_1_60' title="bbox 1678 1707 2741 1777; baseline -0.005 -15"><span class='ocrx_word' id='word_1_305' title='bbox 1678 1713 1923 1762; x_wconf 84' lang='lat' dir='ltr'><strong>dentatus</strong></span> <span class='ocrx_word' id='word_1_306' title='bbox 1946 1719 2103 1777; x_wconf 78' lang='lat' dir='ltr'><strong>atque</strong></span> <span class='ocrx_word' id='word_1_307' title='bbox 2138 1725 2290 1776; x_wconf 79' lang='lat' dir='ltr'><strong>asper</strong></span> <span class='ocrx_word' id='word_1_308' title='bbox 2323 1711 2409 1767; x_wconf 80' lang='lat' dir='ltr'><strong>sit,</strong></span> <span class='ocrx_word' id='word_1_309' title='bbox 2446 1708 2497 1757; x_wconf 90' lang='lat' dir='ltr'><strong>in</strong></span> <span class='ocrx_word' id='word_1_310' title='bbox 2532 1707 2741 1757; x_wconf 84' lang='lat' dir='ltr'><strong>modum</strong></span> 
     </span>
     <span class='ocr_line' id='line_1_61' title="bbox 1676 1783 2741 1853; baseline -0.005 -16"><span class='ocrx_word' id='word_1_311' title='bbox 1676 1802 1865 1847; x_wconf 66' lang='grc' dir='ltr'><strong>εει-τως</strong></span> <span class='ocrx_word' id='word_1_312' title='bbox 1900 1803 2011 1853; x_wconf 85' lang='lat' dir='ltr'><strong>qnae</strong></span> <span class='ocrx_word' id='word_1_313' title='bbox 2034 1788 2199 1851; x_wconf 80' lang='lat' dir='ltr'><strong>proba</strong></span> <span class='ocrx_word' id='word_1_314' title='bbox 2221 1793 2363 1846; x_wconf 84' lang='lat' dir='ltr'><strong>nota,</strong></span> <span class='ocrx_word' id='word_1_315' title='bbox 2385 1791 2439 1834; x_wconf 85' lang='lat' dir='ltr'><strong>et</strong></span> <span class='ocrx_word' id='word_1_316' title='bbox 2458 1784 2578 1832; x_wconf 87' lang='lat' dir='ltr'><strong>nihil</strong></span> <span class='ocrx_word' id='word_1_317' title='bbox 2604 1783 2741 1846; x_wconf 86' lang='lat' dir='ltr'><strong>peri·</strong></span> 
     </span>
     <span class='ocr_line' id='line_1_62' title="bbox 1674 1861 2741 1930; baseline -0.005 -18"><span class='ocrx_word' id='word_1_318' title='bbox 1674 1863 1774 1915; x_wconf 88' lang='lat' dir='ltr'><strong>isse</strong></span> <span class='ocrx_word' id='word_1_319' title='bbox 1799 1865 1948 1930; x_wconf 85' lang='lat' dir='ltr'><strong>longo</strong></span> <span class='ocrx_word' id='word_1_320' title='bbox 1970 1880 2063 1913; x_wconf 89' lang='lat' dir='ltr'><strong>usu</strong></span> <span class='ocrx_word' id='word_1_321' title='bbox 2087 1871 2178 1913; x_wconf 85' lang='lat' dir='ltr'><strong>aut</strong></span> <span class='ocrx_word' id='word_1_322' title='bbox 2202 1861 2509 1913; x_wconf 75' lang='lat' dir='ltr'><strong>resectione.</strong></span> <span class='ocrx_word' id='word_1_323' title='bbox 2576 1861 2741 1910; x_wconf 88' lang='lat' dir='ltr'><strong>Num-</strong></span> 
     </span>
     <span class='ocr_line' id='line_1_63' title="bbox 1673 1933 2739 2005; baseline -0.006 -15"><span class='ocrx_word' id='word_1_324' title='bbox 1673 1955 1783 1990; x_wconf 89' lang='lat' dir='ltr'><strong>mos</strong></span> <span class='ocrx_word' id='word_1_325' title='bbox 1804 1956 1904 2005; x_wconf 81' lang='lat' dir='ltr'><strong>ego</strong></span> <span class='ocrx_word' id='word_1_326' title='bbox 1937 1940 2182 2005; x_wconf 86' lang='lat' dir='ltr'><strong>quosdam</strong></span> <span class='ocrx_word' id='word_1_327' title='bbox 2218 1944 2489 2002; x_wconf 77' lang='lat' dir='ltr'><strong>argenteos</strong></span> <span class='ocrx_word' id='word_1_328' title='bbox 2525 1936 2600 1984; x_wconf 87' lang='lat' dir='ltr'><strong>ita</strong></span> <span class='ocrx_word' id='word_1_329' title='bbox 2636 1933 2739 1984; x_wconf 79' lang='lat' dir='ltr'><strong>for·</strong></span> 
     </span>
     <span class='ocr_line' id='line_1_64' title="bbox 1673 2012 2741 2079; baseline -0.007 -15"><span class='ocrx_word' id='word_1_330' title='bbox 1673 2023 1839 2066; x_wconf 80' lang='lat' dir='ltr'><strong>matos</strong></span> <span class='ocrx_word' id='word_1_331' title='bbox 1864 2029 2137 2079; x_wconf 72' lang='lat' dir='ltr'><strong>usurpasse</strong></span> <span class='ocrx_word' id='word_1_332' title='bbox 2167 2013 2249 2064; x_wconf 85' lang='lat' dir='ltr'><strong>his</strong></span> <span class='ocrx_word' id='word_1_333' title='bbox 2288 2012 2448 2061; x_wconf 86' lang='lat' dir='ltr'><strong>oeulis</strong></span> <span class='ocrx_word' id='word_1_334' title='bbox 2485 2024 2596 2059; x_wconf 90' lang='lat' dir='ltr'><strong>sum</strong></span> <span class='ocrx_word' id='word_1_335' title='bbox 2631 2023 2741 2058; x_wconf 86' lang='lat' dir='ltr'><strong>cer-</strong></span> 
     </span>
     <span class='ocr_line' id='line_1_65' title="bbox 1676 2100 1775 2143; baseline -0.01 0"><span class='ocrx_word' id='word_1_336' title='bbox 1676 2100 1775 2143; x_wconf 85' lang='lat' dir='ltr'><strong>tus.</strong></span> 
     </span>
    </p>

    <p class='ocr_par' dir='ltr' id='par_1_14' title="bbox 1668 2161 2739 2531">
     <span class='ocr_line' id='line_1_66' title="bbox 1735 2161 2739 2230; baseline -0.004 -14"><span class='ocrx_word' id='word_1_337' title='bbox 1735 2167 2015 2230; x_wconf 74' lang='lat' dir='ltr'><strong>spectasse</strong></span> <span class='ocrx_word' id='word_1_338' title='bbox 2040 2171 2212 2215; x_wconf 81' lang='lat' dir='ltr'><strong>antem</strong></span> <span class='ocrx_word' id='word_1_339' title='bbox 2246 2164 2296 2214; x_wconf 87' lang='lat' dir='ltr'><strong>id</strong></span> <span class='ocrx_word' id='word_1_340' title='bbox 2318 2179 2410 2214; x_wconf 89' lang='lat' dir='ltr'><strong>eos</strong></span> <span class='ocrx_word' id='word_1_341' title='bbox 2434 2164 2484 2212; x_wconf 90' lang='lat' dir='ltr'><strong>in</strong></span> <span class='ocrx_word' id='word_1_342' title='bbox 2519 2161 2739 2214; x_wconf 85' lang='lat' dir='ltr'><strong>nummis</strong></span> 
     </span>
     <span class='ocr_line' id='line_1_67' title="bbox 1672 2240 2735 2304; baseline 0 -15"><span class='ocrx_word' id='word_1_343' title='bbox 1672 2243 1843 2304; x_wconf 81' lang='lat' dir='ltr'><strong>vulgo,</strong></span> <span class='ocrx_word' id='word_1_344' title='bbox 1864 2241 1994 2291; x_wconf 89' lang='lat' dir='ltr'><strong>ratio</strong></span> <span class='ocrx_word' id='word_1_345' title='bbox 2010 2242 2422 2291; x_wconf 83' lang='lat' dir='ltr'><strong>etTertnllianus</strong></span> <span class='ocrx_word' id='word_1_346' title='bbox 2442 2240 2705 2290; x_wconf 82' lang='lat' dir='ltr'><strong>addocent</strong></span> <span class='ocrx_word' id='word_1_347' title='bbox 2718 2255 2735 2289; x_wconf 76' lang='lat' dir='ltr'>z</span> 
     </span>
     <span class='ocr_line' id='line_1_68' title="bbox 1668 2316 2737 2382; baseline -0.002 -13"><span class='ocrx_word' id='word_1_348' title='bbox 1668 2318 1683 2344; x_wconf 91' lang='lat'>‘</span> <span class='ocrx_word' id='word_1_349' title='bbox 1710 2318 1813 2369; x_wconf 84' lang='lat' dir='ltr'><strong>Qui</strong></span> <span class='ocrx_word' id='word_1_350' title='bbox 1836 2319 2124 2380; x_wconf 81' lang='lat' dir='ltr'><strong>venditant,</strong></span> <span class='ocrx_word' id='word_1_351' title='bbox 2160 2316 2300 2381; x_wconf 84' lang='lat' dir='ltr'><strong>prius</strong></span> <span class='ocrx_word' id='word_1_352' title='bbox 2335 2331 2613 2379; x_wconf 87' lang='lat' dir='ltr'><strong>nummum,</strong></span> <span class='ocrx_word' id='word_1_353' title='bbox 2636 2332 2737 2382; x_wconf 87' lang='lat' dir='ltr'><strong>quo</strong></span> 
     </span>
     <span class='ocr_line' id='line_1_69' title="bbox 1669 2393 2738 2455; baseline 0 -13"><span class='ocrx_word' id='word_1_354' title='bbox 1669 2394 2014 2455; x_wconf 80' lang='lat' dir='ltr'><strong>paciscantur,</strong></span> <span class='ocrx_word' id='word_1_355' title='bbox 2046 2393 2365 2454; x_wconf 80' lang='lat' dir='ltr'><strong>examinant,</strong></span> <span class='ocrx_word' id='word_1_356' title='bbox 2398 2407 2463 2442; x_wconf 89' lang='lat' dir='ltr'><strong>ne</strong></span> <span class='ocrx_word' id='word_1_357' title='bbox 2487 2393 2738 2455; x_wconf 84' lang='lat' dir='ltr'><strong>scalptus,</strong></span> 
     </span>
     <span class='ocr_line' id='line_1_70' title="bbox 1668 2467 2683 2531; baseline 0.002 -15"><span class='ocrx_word' id='word_1_358' title='bbox 1668 2483 1799 2516; x_wconf 89' lang='lat' dir='ltr'><strong>neve</strong></span> <span class='ocrx_word' id='word_1_359' title='bbox 1822 2484 1982 2531; x_wconf 83' lang='lat' dir='ltr'><strong>rasus,</strong></span> <span class='ocrx_word' id='word_1_360' title='bbox 2005 2484 2069 2517; x_wconf 91' lang='lat' dir='ltr'><strong>ne</strong></span> <span class='ocrx_word' id='word_1_361' title='bbox 2092 2469 2296 2518; x_wconf 75' lang='lat' dir='ltr'><strong>adulter</strong></span> <span class='ocrx_word' id='word_1_362' title='bbox 2318 2467 2422 2517; x_wconf 66' lang='lat' dir='ltr'><strong>sit!</strong></span> <span class='ocrx_word' id='word_1_363' title='bbox 2474 2468 2683 2531; x_wconf 77' lang='lat' dir='ltr'><strong>Lipsius.</strong></span> 
     </span>
    </p>

    <p class='ocr_par' dir='ltr' id='par_1_15' title="bbox 1662 2541 2737 2985">
     <span class='ocr_line' id='line_1_71' title="bbox 1733 2541 2737 2606; baseline -0.001 -15"><span class='ocrx_word' id='word_1_364' title='bbox 1733 2543 1973 2606; x_wconf 73' lang='lat' dir='ltr'><strong>Ser-ratos,</strong></span> <span class='ocrx_word' id='word_1_365' title='bbox 1995 2541 2311 2606; x_wconf 69' lang='lat' dir='ltr'><strong>Bigotosque]</strong></span> <span class='ocrx_word' id='word_1_366' title='bbox 2342 2544 2357 2571; x_wconf 89' lang='lat'>‘</span> <span class='ocrx_word' id='word_1_367' title='bbox 2383 2543 2523 2592; x_wconf 83' lang='lat' dir='ltr'><strong>Nota</strong></span> <span class='ocrx_word' id='word_1_368' title='bbox 2555 2557 2737 2605; x_wconf 79' lang='lat' dir='ltr'><strong>argen-</strong></span> 
     </span>
     <span class='ocr_line' id='line_1_72' title="bbox 1668 2617 2735 2685; baseline 0.002 -19"><span class='ocrx_word' id='word_1_369' title='bbox 1668 2617 1745 2678; x_wconf 87' lang='lat' dir='ltr'><strong>ti‚’</strong></span> <span class='ocrx_word' id='word_1_370' title='bbox 1784 2619 1953 2685; x_wconf 91' lang='lat' dir='ltr'><strong>inquit</strong></span> <span class='ocrx_word' id='word_1_371' title='bbox 1990 2621 2190 2669; x_wconf 78' lang='lat' dir='ltr'><strong>Plinius</strong></span> <span class='ocrx_word' id='word_1_372' title='bbox 2232 2633 2437 2670; x_wconf 77' lang='lat' dir='ltr'><strong>xxxin.</strong></span> <span class='ocrx_word' id='word_1_373' title='bbox 2464 2624 2513 2669; x_wconf 73' lang='grc'><strong>3.</strong></span> <span class='ocrx_word' id='word_1_374' title='bbox 2544 2621 2563 2648; x_wconf 75' lang='lat'><strong>⁴</strong></span> <span class='ocrx_word' id='word_1_375' title='bbox 2585 2619 2735 2668; x_wconf 86' lang='lat' dir='ltr'><strong>fuere</strong></span> 
     </span>
     <span class='ocr_line' id='line_1_73' title="bbox 1667 2693 2736 2760; baseline -0.001 -17"><span class='ocrx_word' id='word_1_376' title='bbox 1667 2694 1801 2756; x_wconf 75' lang='lat' dir='ltr'><strong>bigae</strong></span> <span class='ocrx_word' id='word_1_377' title='bbox 1820 2701 1977 2758; x_wconf 82' lang='lat' dir='ltr'><strong>atque</strong></span> <span class='ocrx_word' id='word_1_378' title='bbox 1992 2695 2279 2760; x_wconf 65' lang='lat' dir='ltr'><strong>quadriga’,</strong></span> <span class='ocrx_word' id='word_1_379' title='bbox 2296 2703 2350 2744; x_wconf 90' lang='lat' dir='ltr'><strong>et</strong></span> <span class='ocrx_word' id='word_1_380' title='bbox 2368 2693 2555 2742; x_wconf 78' lang='lat' dir='ltr'><strong>deinde</strong></span> <span class='ocrx_word' id='word_1_381' title='bbox 2570 2693 2736 2758; x_wconf 82' lang='lat' dir='ltr'><strong>bigati</strong></span> 
     </span>
     <span class='ocr_line' id='line_1_74' title="bbox 1666 2767 2733 2834; baseline 0.001 -18"><span class='ocrx_word' id='word_1_382' title='bbox 1666 2767 2067 2834; x_wconf 70' lang='lat' dir='ltr'><strong>quadrigatique</strong></span> <span class='ocrx_word' id='word_1_383' title='bbox 2102 2770 2273 2820; x_wconf 63' lang='lat' dir='ltr'><strong>dicti:</strong></span> <span class='ocrx_word' id='word_1_384' title='bbox 2334 2769 2498 2818; x_wconf 89' lang='lat' dir='ltr'><strong>Porro</strong></span> <span class='ocrx_word' id='word_1_385' title='bbox 2528 2769 2733 2830; x_wconf 79' lang='lat' dir='ltr'><strong>argenti</strong></span> 
     </span>
     <span class='ocr_line' id='line_1_75' title="bbox 1666 2843 2734 2909; baseline -0.002 -16"><span class='ocrx_word' id='word_1_386' title='bbox 1666 2843 1820 2906; x_wconf 76' lang='lat' dir='ltr'><strong>bigati</strong></span> <span class='ocrx_word' id='word_1_387' title='bbox 1842 2861 1907 2894; x_wconf 86' lang='lat' dir='ltr'><strong>ex</strong></span> <span class='ocrx_word' id='word_1_388' title='bbox 1932 2846 2095 2896; x_wconf 78' lang='lat' dir='ltr'><strong>Gallis</strong></span> <span class='ocrx_word' id='word_1_389' title='bbox 2118 2847 2279 2909; x_wconf 87' lang='lat' dir='ltr'><strong>Boiis,</strong></span> <span class='ocrx_word' id='word_1_390' title='bbox 2300 2846 2422 2894; x_wconf 87' lang='lat' dir='ltr'><strong>item</strong></span> <span class='ocrx_word' id='word_1_391' title='bbox 2448 2859 2512 2893; x_wconf 79' lang='lat' dir='ltr'><strong>ex</strong></span> <span class='ocrx_word' id='word_1_392' title='bbox 2538 2843 2734 2905; x_wconf 81' lang='lat' dir='ltr'><strong>Liguri-</strong></span> 
     </span>
     <span class='ocr_line' id='line_1_76' title="bbox 1662 2920 2731 2985; baseline -0.004 -14"><span class='ocrx_word' id='word_1_393' title='bbox 1662 2922 1758 2971; x_wconf 88' lang='lat' dir='ltr'><strong>bus</strong></span> <span class='ocrx_word' id='word_1_394' title='bbox 1798 2923 2016 2972; x_wconf 79' lang='lat' dir='ltr'><strong>Romam</strong></span> <span class='ocrx_word' id='word_1_395' title='bbox 2060 2924 2205 2972; x_wconf 80' lang='lat' dir='ltr'><strong>allati</strong></span> <span class='ocrx_word' id='word_1_396' title='bbox 2246 2935 2387 2985; x_wconf 70' lang='lat' dir='ltr'><strong>saepe</strong></span> <span class='ocrx_word' id='word_1_397' title='bbox 2434 2921 2494 2969; x_wconf 83' lang='lat' dir='ltr'><strong>tit</strong></span> <span class='ocrx_word' id='word_1_398' title='bbox 2536 2920 2731 2968; x_wconf 84' lang='lat' dir='ltr'><strong>mentio</strong></span> 
     </span>
    </p>
   </div>
   <div class='ocr_carea' id='block_1_9' title="bbox 1662 2998 2732 3138">
    <p class='ocr_par' dir='ltr' id='par_1_16' title="bbox 1662 2998 2732 3138">
     <span class='ocr_line' id='line_1_77' title="bbox 1662 2998 2160 3049; baseline 0.002 -3"><span class='ocrx_word' id='word_1_399' title='bbox 1662 2998 1827 3048; x_wconf 84' lang='lat' dir='ltr'><strong>Livio.</strong></span> <span class='ocrx_word' id='word_1_400' title='bbox 1886 2999 2160 3049; x_wconf 70' lang='lat' dir='ltr'><strong>kaanus.</strong></span> 
     </span>
     <span class='ocr_line' id='line_1_78' title="bbox 1726 3070 2732 3138; baseline -0.004 -15"><span class='ocrx_word' id='word_1_401' title='bbox 1726 3074 2003 3138; x_wconf 85' lang='lat' dir='ltr'><strong>Hodieque</strong></span> <span class='ocrx_word' id='word_1_402' title='bbox 2035 3074 2277 3123; x_wconf 79' lang='lat' dir='ltr'><strong>videntur</strong></span> <span class='ocrx_word' id='word_1_403' title='bbox 2316 3071 2369 3121; x_wconf 89' lang='lat' dir='ltr'><strong>in</strong></span> <span class='ocrx_word' id='word_1_404' title='bbox 2412 3070 2732 3122; x_wconf 78' lang='lat' dir='ltr'><strong>Bibliotheca</strong></span> 
     </span>
    </p>
   </div>
   <div class='ocr_carea' id='block_1_10' title="bbox 1655 3146 2731 4353">
    <p class='ocr_par' dir='ltr' id='par_1_17' title="bbox 1656 3146 2731 3806">
     <span class='ocr_line' id='line_1_79' title="bbox 1660 3146 2730 3197; baseline -0.002 -1"><span class='ocrx_word' id='word_1_405' title='bbox 1660 3149 1827 3197; x_wconf 80' lang='lat' dir='ltr'><strong>sancti</strong></span> <span class='ocrx_word' id='word_1_406' title='bbox 1858 3148 2087 3196; x_wconf 86' lang='lat' dir='ltr'><strong>Victoris</strong></span> <span class='ocrx_word' id='word_1_407' title='bbox 2143 3147 2368 3195; x_wconf 59' lang='lat' dir='ltr'><strong>Lutetia</strong></span> <span class='ocrx_word' id='word_1_408' title='bbox 2414 3146 2730 3194; x_wconf 84' lang='lat' dir='ltr'><strong>Parisiorum</strong></span> 
     </span>
     <span class='ocr_line' id='line_1_80' title="bbox 1659 3219 2731 3284; baseline -0.002 -14"><span class='ocrx_word' id='word_1_409' title='bbox 1659 3223 1833 3271; x_wconf 69' lang='lat' dir='ltr'><strong>serrati</strong></span> <span class='ocrx_word' id='word_1_410' title='bbox 1860 3223 2080 3280; x_wconf 81' lang='lat' dir='ltr'><strong>nummi,</strong></span> <span class='ocrx_word' id='word_1_411' title='bbox 2118 3235 2330 3284; x_wconf 85' lang='lat' dir='ltr'><strong>quorum</strong></span> <span class='ocrx_word' id='word_1_412' title='bbox 2370 3233 2554 3282; x_wconf 84' lang='lat' dir='ltr'><strong>nempe</strong></span> <span class='ocrx_word' id='word_1_413' title='bbox 2590 3219 2731 3268; x_wconf 77' lang='lat' dir='ltr'><strong>orbis</strong></span> 
     </span>
     <span class='ocr_line' id='line_1_81' title="bbox 1660 3295 2730 3348; baseline -0.001 -1"><span class='ocrx_word' id='word_1_414' title='bbox 1660 3298 1905 3348; x_wconf 81' lang='lat' dir='ltr'><strong>dentatus</strong></span> <span class='ocrx_word' id='word_1_415' title='bbox 1943 3304 2025 3345; x_wconf 85' lang='lat' dir='ltr'><strong>est</strong></span> <span class='ocrx_word' id='word_1_416' title='bbox 2064 3297 2114 3344; x_wconf 90' lang='lat' dir='ltr'><strong>in</strong></span> <span class='ocrx_word' id='word_1_417' title='bbox 2160 3295 2365 3344; x_wconf 83' lang='lat' dir='ltr'><strong>modum</strong></span> <span class='ocrx_word' id='word_1_418' title='bbox 2411 3308 2601 3344; x_wconf 78' lang='lat' dir='ltr'><strong>serrae:</strong></span> <span class='ocrx_word' id='word_1_419' title='bbox 2656 3295 2730 3346; x_wconf 85' lang='lat' dir='ltr'><strong>sie</strong></span> 
     </span>
     <span class='ocr_line' id='line_1_82' title="bbox 1661 3370 2731 3435; baseline 0 -15"><span class='ocrx_word' id='word_1_420' title='bbox 1661 3372 1965 3435; x_wconf 83' lang='lat' dir='ltr'><strong>simplicitas</strong></span> <span class='ocrx_word' id='word_1_421' title='bbox 2012 3371 2183 3435; x_wconf 84' lang='lat' dir='ltr'><strong>prisca</strong></span> <span class='ocrx_word' id='word_1_422' title='bbox 2220 3383 2455 3418; x_wconf 88' lang='lat' dir='ltr'><strong>nummos</strong></span> <span class='ocrx_word' id='word_1_423' title='bbox 2491 3370 2731 3434; x_wconf 66' lang='lat' dir='ltr'><strong>cuderet,</strong></span> 
     </span>
     <span class='ocr_line' id='line_1_83' title="bbox 1661 3445 2728 3510; baseline 0 -14"><span class='ocrx_word' id='word_1_424' title='bbox 1661 3463 1727 3497; x_wconf 87' lang='lat' dir='ltr'><strong>ne</strong></span> <span class='ocrx_word' id='word_1_425' title='bbox 1748 3449 2066 3497; x_wconf 87' lang='lat' dir='ltr'><strong>minueretur</strong></span> <span class='ocrx_word' id='word_1_426' title='bbox 2100 3447 2317 3510; x_wconf 87' lang='lat' dir='ltr'><strong>pondus.</strong></span> <span class='ocrx_word' id='word_1_427' title='bbox 2384 3445 2473 3494; x_wconf 78' lang='lat' dir='ltr'><strong>sie</strong></span> <span class='ocrx_word' id='word_1_428' title='bbox 2504 3452 2559 3495; x_wconf 89' lang='lat' dir='ltr'><strong>et</strong></span> <span class='ocrx_word' id='word_1_429' title='bbox 2590 3461 2728 3496; x_wconf 85' lang='lat' dir='ltr'><strong>nune</strong></span> 
     </span>
     <span class='ocr_line' id='line_1_84' title="bbox 1662 3524 2729 3589; baseline -0.003 -14"><span class='ocrx_word' id='word_1_430' title='bbox 1662 3525 1818 3589; x_wconf 78' lang='lat' dir='ltr'><strong>Angli</strong></span> <span class='ocrx_word' id='word_1_431' title='bbox 1842 3533 1897 3574; x_wconf 85' lang='lat' dir='ltr'><strong>et</strong></span> <span class='ocrx_word' id='word_1_432' title='bbox 1920 3525 2060 3574; x_wconf 85' lang='lat' dir='ltr'><strong>Galli</strong></span> <span class='ocrx_word' id='word_1_433' title='bbox 2098 3527 2273 3573; x_wconf 72' lang='lat' dir='ltr'><strong>literas</strong></span> <span class='ocrx_word' id='word_1_434' title='bbox 2310 3525 2569 3573; x_wconf 84' lang='lat' dir='ltr'><strong>accndnnt</strong></span> <span class='ocrx_word' id='word_1_435' title='bbox 2593 3524 2729 3586; x_wconf 90' lang='lat' dir='ltr'><strong>orbi,</strong></span> 
     </span>
     <span class='ocr_line' id='line_1_85' title="bbox 1658 3601 2727 3661; baseline -0.004 -9"><span class='ocrx_word' id='word_1_436' title='bbox 1658 3617 1749 3652; x_wconf 89' lang='lat' dir='ltr'><strong>seu</strong></span> <span class='ocrx_word' id='word_1_437' title='bbox 1772 3603 2016 3653; x_wconf 80' lang='lat' dir='ltr'><strong>exteriori</strong></span> <span class='ocrx_word' id='word_1_438' title='bbox 2040 3615 2358 3650; x_wconf 85' lang='lat' dir='ltr'><strong>nummorum</strong></span> <span class='ocrx_word' id='word_1_439' title='bbox 2378 3601 2596 3661; x_wconf 88' lang='lat' dir='ltr'><strong>circulo,</strong></span> <span class='ocrx_word' id='word_1_440' title='bbox 2624 3613 2727 3649; x_wconf 86' lang='lat' dir='ltr'><strong>non</strong></span> 
     </span>
     <span class='ocr_line' id='line_1_86' title="bbox 1658 3679 2724 3744; baseline -0.004 -13"><span class='ocrx_word' id='word_1_441' title='bbox 1658 3683 1770 3732; x_wconf 78' lang='lat' dir='ltr'><strong>sine</strong></span> <span class='ocrx_word' id='word_1_442' title='bbox 1794 3684 1983 3731; x_wconf 79' lang='lat' dir='ltr'><strong>decore</strong></span> <span class='ocrx_word' id='word_1_443' title='bbox 2006 3683 2059 3731; x_wconf 87' lang='lat' dir='ltr'><strong>in</strong></span> <span class='ocrx_word' id='word_1_444' title='bbox 2082 3695 2307 3744; x_wconf 67' lang='lat' dir='ltr'><strong>pra’sens</strong></span> <span class='ocrx_word' id='word_1_445' title='bbox 2332 3687 2388 3728; x_wconf 88' lang='lat' dir='ltr'><strong>et</strong></span> <span class='ocrx_word' id='word_1_446' title='bbox 2411 3679 2651 3728; x_wconf 72' lang='lat' dir='ltr'><strong>eutitione</strong></span> <span class='ocrx_word' id='word_1_447' title='bbox 2670 3681 2724 3727; x_wconf 90' lang='lat' dir='ltr'><strong>in</strong></span> 
     </span>
     <span class='ocr_line' id='line_1_87' title="bbox 1656 3755 1905 3806; baseline 0.008 -2"><span class='ocrx_word' id='word_1_448' title='bbox 1656 3755 1905 3806; x_wconf 82' lang='lat' dir='ltr'><strong>futurum.</strong></span> 
     </span>
    </p>

    <p class='ocr_par' dir='ltr' id='par_1_18' title="bbox 1655 3829 2727 4353">
     <span class='ocr_line' id='line_1_88' title="bbox 1729 3829 2723 3896; baseline -0.001 -15"><span class='ocrx_word' id='word_1_449' title='bbox 1729 3831 2045 3896; x_wconf 74' lang='lat' dir='ltr'><strong>Bigatosque]</strong></span> <span class='ocrx_word' id='word_1_450' title='bbox 2096 3835 2205 3881; x_wconf 88' lang='lat' dir='ltr'><strong>Ser.</strong></span> <span class='ocrx_word' id='word_1_451' title='bbox 2248 3829 2495 3894; x_wconf 81' lang='lat' dir='ltr'><strong>Cepione,</strong></span> <span class='ocrx_word' id='word_1_452' title='bbox 2538 3837 2591 3878; x_wconf 86' lang='lat' dir='ltr'><strong>et</strong></span> <span class='ocrx_word' id='word_1_453' title='bbox 2626 3831 2723 3881; x_wconf 85' lang='lat' dir='ltr'><strong>Cn.</strong></span> 
     </span>
     <span class='ocr_line' id='line_1_89' title="bbox 1655 3905 2721 3970; baseline -0.001 -13"><span class='ocrx_word' id='word_1_454' title='bbox 1655 3909 1959 3970; x_wconf 90' lang='lat' dir='ltr'><strong>Sempronio</strong></span> <span class='ocrx_word' id='word_1_455' title='bbox 1985 3907 2298 3968; x_wconf 86' lang='lat' dir='ltr'><strong>consulibus,</strong></span> <span class='ocrx_word' id='word_1_456' title='bbox 2336 3913 2453 3968; x_wconf 83' lang='lat' dir='ltr'><strong>post</strong></span> <span class='ocrx_word' id='word_1_457' title='bbox 2476 3905 2721 3957; x_wconf 82' lang='lat' dir='ltr'><strong>Attilium</strong></span> 
     </span>
     <span class='ocr_line' id='line_1_90' title="bbox 1660 3982 2725 4048; baseline -0.002 -16"><span class='ocrx_word' id='word_1_458' title='bbox 1660 3983 1930 4048; x_wconf 76' lang='lat' dir='ltr'><strong>Regulum,</strong></span> <span class='ocrx_word' id='word_1_459' title='bbox 1970 3989 2215 4045; x_wconf 79' lang='lat' dir='ltr'><strong>argenteo</strong></span> <span class='ocrx_word' id='word_1_460' title='bbox 2256 3996 2462 4031; x_wconf 85' lang='lat' dir='ltr'><strong>nummo</strong></span> <span class='ocrx_word' id='word_1_461' title='bbox 2499 3982 2725 4045; x_wconf 85' lang='lat' dir='ltr'><strong>primum</strong></span> 
     </span>
     <span class='ocr_line' id='line_1_91' title="bbox 1656 4060 2723 4126; baseline 0.003 -19"><span class='ocrx_word' id='word_1_462' title='bbox 1656 4060 1877 4123; x_wconf 72' lang='lat' dir='ltr'><strong>figurato</strong></span> <span class='ocrx_word' id='word_1_463' title='bbox 1919 4063 2115 4122; x_wconf 64' lang='lat' dir='ltr'><strong>Roma,</strong></span> <span class='ocrx_word' id='word_1_464' title='bbox 2156 4063 2317 4111; x_wconf 81' lang='lat' dir='ltr'><strong>altera</strong></span> <span class='ocrx_word' id='word_1_465' title='bbox 2372 4069 2525 4126; x_wconf 83' lang='lat' dir='ltr'><strong>parte</strong></span> <span class='ocrx_word' id='word_1_466' title='bbox 2555 4060 2723 4111; x_wconf 77' lang='lat' dir='ltr'><strong>Janns</strong></span> 
     </span>
     <span class='ocr_line' id='line_1_92' title="bbox 1664 4135 2727 4200; baseline 0 -15"><span class='ocrx_word' id='word_1_467' title='bbox 1664 4135 1878 4198; x_wconf 76' lang='lat' dir='ltr'><strong>bifrons,</strong></span> <span class='ocrx_word' id='word_1_468' title='bbox 1923 4139 2107 4198; x_wconf 85' lang='lat' dir='ltr'><strong>altera,</strong></span> <span class='ocrx_word' id='word_1_469' title='bbox 2150 4138 2295 4186; x_wconf 80' lang='lat' dir='ltr'><strong>navis</strong></span> <span class='ocrx_word' id='word_1_470' title='bbox 2334 4151 2488 4200; x_wconf 87' lang='lat' dir='ltr'><strong>prora</strong></span> <span class='ocrx_word' id='word_1_471' title='bbox 2524 4135 2727 4185; x_wconf 81' lang='lat' dir='ltr'><strong>incussa</strong></span> 
     </span>
     <span class='ocr_line' id='line_1_93' title="bbox 1656 4211 2723 4280; baseline -0.004 -18"><span class='ocrx_word' id='word_1_472' title='bbox 1656 4213 1786 4262; x_wconf 85' lang='lat' dir='ltr'><strong>fuit:</strong></span> <span class='ocrx_word' id='word_1_473' title='bbox 1822 4215 2029 4264; x_wconf 82' lang='lat' dir='ltr'><strong>tametsi</strong></span> <span class='ocrx_word' id='word_1_474' title='bbox 2052 4215 2279 4280; x_wconf 85' lang='lat' dir='ltr'><strong>quinque</strong></span> <span class='ocrx_word' id='word_1_475' title='bbox 2304 4214 2450 4263; x_wconf 79' lang='lat' dir='ltr'><strong>annis</strong></span> <span class='ocrx_word' id='word_1_476' title='bbox 2474 4219 2595 4263; x_wconf 79' lang='lat' dir='ltr'><strong>ante</strong></span> <span class='ocrx_word' id='word_1_477' title='bbox 2620 4211 2723 4275; x_wconf 82' lang='lat' dir='ltr'><strong>pri-‘-</strong></span> 
     </span>
     <span class='ocr_line' id='line_1_94' title="bbox 1656 4289 2721 4353; baseline -0.006 -15"><span class='ocrx_word' id='word_1_478' title='bbox 1656 4303 1793 4340; x_wconf 85' lang='lat' dir='ltr'><strong>mum</strong></span> <span class='ocrx_word' id='word_1_479' title='bbox 1849 4290 2102 4339; x_wconf 86' lang='lat' dir='ltr'><strong>Punicum</strong></span> <span class='ocrx_word' id='word_1_480' title='bbox 2160 4289 2370 4353; x_wconf 84' lang='lat' dir='ltr'><strong>bellum,</strong></span> <span class='ocrx_word' id='word_1_481' title='bbox 2416 4290 2721 4351; x_wconf 77' lang='lat' dir='ltr'><strong>argenteum</strong></span> 
     </span>
    </p>
   </div>
  </div>
 </body>
</html>
