3175 4934
584 414 760 483 3350

1282 420 1365 484 c.
1408 431 1777 485 commun
1825 434 2084 489 ‘raeiri

1586 585 1800 648 Νότε

586 710 713 757 tuna
733 707 935 758 virtus?
968 708 1091 774 quid
1126 700 1286 769 magis
1329 708 1646 772 opponitur?

584 785 812 850 Singulae
854 802 972 837 suas
1008 795 1180 852 partes
1214 789 1406 838 babent
1443 786 1644 838 fovent·

585 876 705 927 que.
771 862 1095 930 Quandoque
1124 866 1329 916 domina
1351 880 1520 913 rerum
1544 863 1646 913 for-

585 944 713 988 tuna
742 938 926 989 virtuti
968 942 1223 1005 imperat;
1258 941 1566 1006 quandoque
1588 947 1644 991 et

580 1014 749 1064 virtus
790 1016 951 1065 trahit
996 1018 1061 1065 ad
1104 1032 1159 1067 se
1206 1016 1481 1079 fortunam,
1518 1018 1642 1068 licet

580 1090 796 1141 invitam
836 1098 892 1142 et
936 1094 1279 1152 renitentem3
1325 1094 1401 1159 sic
1437 1100 1495 1143 et
1534 1090 1642 1142 fors

582 1182 724 1231 saepe
740 1168 985 1219 virtutem
1009 1169 1222 1229 deserit,
1238 1178 1295 1218 et
1318 1168 1640 1231 prudentiam

580 1240 844 1308 profligat.
911 1244 1050 1292 Num
1072 1250 1129 1292 et
1146 1243 1361 1293 eandem
1386 1243 1519 1293 hanc
1538 1243 1640 1293 dis-

579 1319 827 1382 ciplinam
856 1317 1087 1367 didicere
1116 1333 1233 1368 mox
1266 1318 1518 1368 Germani
1540 1320 1640 1382 ipsi

582 1394 835 1444 continuis
872 1394 1039 1455 bellis,
1084 1401 1140 1444 et
1182 1395 1425 1459 magistra
1470 1408 1641 1445 rerum

581 1472 807 1522 omnium
846 1472 1203 1536 experientia?
1251 1473 1402 1537 Saepe
1444 1479 1501 1523 et
1540 1473 1643 1523 Ro-

578 1550 719 1597 mani
749 1550 1095 1609 centuriones,
1129 1550 1266 1611 ipsos
1300 1548 1547 1598 barbaros
1566 1549 1641 1598 in·

582 1624 800 1673 stituere
835 1626 889 1673 iu
924 1639 1058 1673 usum
1096 1625 1405 1688 prediorum,-
1452 1632 1507 1675 et
1542 1626 1641 1688 ipsi

582 1698 797 1747 Romani
821 1700 951 1749 banc
974 1700 1099 1752 belli
1136 1700 1462 1763 prudentiam
1497 1716 1641 1751 acce-

580 1779 769 1838 perant
792 1790 823 1824 s
843 1774 1045 1840 Pyrrho
1078 1790 1219 1840 rege.
1289 1776 1471 1826 Potius
1494 1777 1642 1827 disci-

580 1852 721 1915 plina
738 1852 974 1900 militaris
997 1852 1251 1915 inciperet
1274 1852 1337 1901 ab
1354 1852 1561 1915 ingenio
1583 1858 1640 1902 et
1661 1913 1676 1923 .

580 1941 611 1975 a
651 1934 854 1989 natura,
915 1928 1035 1977 dein
1089 1934 1526 1977 consummaretur
1573 1930 1638 1980 ab

574 2009 727 2063 arte3
784 2016 932 2066 quam
974 2001 1190 2054 daretur
1226 2018 1259 2052 a
1301 2000 1508 2053 fortuna
1546 2016 1639 2053 seu

577 2077 719 2140 fatis,
742 2078 950 2143 proprie
974 2084 1030 2127 et
1050 2079 1285 2141 praecise.
1318 2078 1401 2129 An
1423 2080 1522 2129 boc
1540 2081 1635 2129 soli

574 2152 807 2203 Rommaoe
825 2153 1084 2216 disciplina·
1121 2168 1376 2203 concessum
1411 2169 1442 2202 a
1478 2152 1636 2203 fatis?

574 2228 699 2292 quid
722 2228 992 2291 Pyrrhus?
1026 2228 1149 2292 quid
1179 2230 1449 2293 Philippus
1470 2232 1489 2278 ?
1514 2232 1639 2296 quid

576 2302 877 2352 Alexander
900 2310 957 2352 et
988 2304 1211 2367 phalanx
1253 2306 1637 2357 Macedonum?

577 2377 703 2443 quid
742 2376 970 2427 Annibal
1003 2386 1059 2427 et
1096 2380 1261 2443 Poeni,
1282 2383 1371 2447 qui
1407 2383 1636 2449 discipli·

574 2468 693 2503 nam
734 2455 882 2503 Rom.
917 2467 1057 2519 sape
1087 2456 1139 2505 in
1162 2457 1379 2509 exitium
1410 2460 1636 2523 ipsorum

576 2538 633 2578 et
668 2528 945 2579 ludibrium
982 2534 1223 2581 vertere?
1262 2535 1385 2599 quid
1424 2536 1635 2585 Graeci?

574 2603 697 2669 quid
719 2604 961 2669 Spartani
994 2608 1309 2671 antiquiores
1345 2617 1403 2659 et
1440 2610 1636 2661 doctio-

572 2694 658 2728 res
682 2681 799 2728 olim
837 2680 889 2728 in
925 2694 982 2729 re
1004 2680 1247 2731 militari?
1280 2684 1417 2735 Quid
1437 2685 1635 2747 Persae,

562 2762 665 2809 ,aut
696 2756 917 2805 Parthi?
950 2758 1039 2821 qui
1079 2772 1221 2822 soepe
1265 2760 1492 2824 legiones
1531 2761 1636 2811 Ro-

570 2845 749 2881 manas
790 2830 1145 2897 profligarunt,
1189 2836 1277 2899 qni
1318 2852 1503 2901 magna
1542 2839 1633 2888 im-

570 2908 733 2972 peria,
756 2914 813 2957 et
843 2924 1057 2973 magnos
1096 2913 1352 2961 exercitus
1386 2914 1633 2977 habuere,

563 2987 867 3052 priusquam
894 2990 1113 3040 bellaret
1132 2991 1349 3054 populus
1368 2992 1513 3043 Rom.
1548 2993 1632 3043 In·

568 3063 757 3127 telligit
782 3065 864 3114 bic
886 3065 1097 3115 Tacitus
1119 3066 1171 3113 in
1194 3080 1381 3130 genere
1414 3075 1469 3118 et
1486 3069 1630 3119 inde-

566 3137 714 3189 finite
737 3141 804 3191 de
826 3141 1101 3204 disciplina
1123 3144 1350 3193 militari.

632 3214 752 3263 Non
789 3216 923 3264 male
963 3216 1121 3279 igitur
1166 3219 1351 3266 habet:
1384 3220 1507 3281 quoa
1536 3234 1630 3269 noa

566 3288 661 3335 nisi
678 3287 861 3337 ratione
880 3288 1143 3351 disciplina
1162 3305 1441 3359 concessura..
1480 3292 1630 3343 Bona

562 3362 777 3412 fortuna
798 3378 830 3413 a
850 3363 969 3413 Diis
992 3372 1139 3413 certe
1161 3371 1217 3413 et
1240 3362 1364 3415 fatis
1384 3366 1627 3417 concedi·

568 3446 683 3489 tur:
719 3440 812 3489 sed
848 3440 966 3491 bona
1002 3455 1146 3501 mens,
1189 3441 1281 3491 sed
1317 3455 1517 3507 sapere,
1562 3458 1626 3495 ac

560 3522 709 3565 recte
743 3523 801 3566 et
840 3516 1123 3580 prudenter
1139 3518 1428 3581 consulere,
1449 3519 1626 3569 haecne

561 3604 596 3642 a
615 3588 741 3641 fatis
762 3592 1000 3655 praecise,
1022 3598 1114 3643 sut
1144 3608 1175 3641 s
1206 3592 1417 3645 fortuna
1438 3594 1627 3648 dantur

561 3666 787 3717 homini?
820 3669 919 3717 nisi
950 3669 1089 3719 forte
1120 3679 1340 3735 remote,
1362 3681 1417 3723 et
1447 3682 1626 3739 quate-

554 3756 655 3795 nus
676 3745 729 3793 in
752 3746 1047 3797 universum
1068 3750 1235 3799 omnia
1262 3750 1395 3801 bona
1426 3754 1625 3803 malave

558 3828 681 3871 sunt
706 3836 738 3871 a
760 3824 877 3873 Diis
906 3823 1132 3889 fatisque
1165 3842 1256 3877 seu
1280 3828 1623 3891 providentia.

560 3898 721 3949 Certe
763 3898 1110 3963 Assyriorum,
1178 3902 1470 3967 Medorum,
1530 3908 1623 3957 im-

558 3976 865 4041 periumque
904 3977 1047 4039 Cyri,
1072 3978 1376 4042 Alexandri,
1413 3989 1468 4030 et
1502 3995 1622 4031 mox

548 4052 925 4116 Romanorum,
945 4054 1070 4117 ipsis
1100 4069 1131 4104 a
1168 4056 1411 4119 Numine,
1444 4071 1474 4106 a
1498 4056 1621 4107 fatis

552 4136 956 4191 eoncessum‚et
977 4143 1107 4191 opus
1145 4128 1211 4194 (si
1246 4130 1320 4179 sic
1360 4132 1500 4195 loqui
1541 4132 1621 4181 fas

556 4202 663 4263 est)
682 4204 735 4254 id
770 4201 995 4253 fortune
1018 4202 1139 4267 fuit,
1176 4212 1233 4253 ut
1273 4204 1474 4255 fatetur
1506 4207 1620 4269 ipse

556 4276 793 4345 Tacitus,
834 4294 935 4331 uon
982 4294 1083 4331 uuo
1122 4281 1255 4331 loco.
1330 4280 1433 4332 Sed
1472 4290 1618 4335 certe

1726 710 1874 760 simul
1914 709 2245 775 conspirabat
2269 716 2325 760 et
2359 711 2524 761 virtus
2553 726 2614 761 ac
2635 707 2790 763 disci-

1724 788 1886 851 plina,
1909 802 2126 851 suasque
2152 799 2328 849 partes
2364 788 2604 837 certatim
2639 789 2792 838 susti·

1724 865 1910 923 nebat;
1944 865 2054 913 siue
2085 878 2189 928 qua
2217 862 2421 913 fortuna
2444 864 2566 913 nihil
2589 866 2688 914 nisi
2711 872 2789 917 te·

1724 953 1863 989 mere
1895 956 2018 991 ausa
2039 938 2196 1002 foret,
2217 946 2270 988 et
2290 941 2486 1003 statim,
2513 942 2648 990 mole
2674 957 2790 1004 sua,

1723 1014 1773 1064 in
1791 1030 1847 1065 se
1869 1016 1980 1079 ipsa
2000 1016 2205 1065 ruisset.
2241 1014 2315 1065 At
2335 1016 2424 1065 illa
2443 1017 2605 1065 virtus
2629 1018 2784 1067 etiam

1723 1107 1752 1140 a
1787 1092 1907 1141 fatis
1945 1093 2070 1141 duta
2103 1100 2160 1141 et
2195 1108 2260 1141 ex
2296 1092 2620 1156 providentia
2647 1091 2782 1143 fuit:

1721 1167 1818 1217 hoc
1834 1166 2074 1217 fatemur.
2140 1168 2388 1218 Attamen
2411 1168 2658 1233 distingui
2683 1170 2786 1219 vir·-

1721 1248 1804 1292 tus
1839 1243 1999 1292 debet
2033 1258 2064 1293 a
2095 1242 2230 1292 forte
2253 1250 2309 1292 et
2330 1259 2361 1292 s
2381 1240 2506 1292 fatis
2528 1244 2782 1307 praecise}

1722 1324 1779 1368 et
1795 1324 1942 1367 certe
1965 1334 2082 1367 suas
2099 1325 2274 1383 partes
2297 1319 2404 1382 agit
2435 1320 2645 1368 seorsim
2684 1322 2784 1371 vir-

1721 1400 1825 1455 tus,
1848 1401 1908 1443 ut
1939 1409 2046 1443 rem
2070 1395 2410 1458 concipimus,
2440 1402 2494 1444 et
2513 1396 2786 1458 experien-

1725 1473 1801 1521 tia
1821 1485 1958 1535 saepe
1975 1470 2296 1534 comprobat.
2352 1472 2468 1521 Nec
2489 1471 2616 1521 satis
2638 1481 2784 1523 recto

1725 1562 1877 1597 sensu
1921 1546 2022 1595 divi
2061 1553 2250 1609 potest,
2284 1546 2530 1597 virtutem
2568 1548 2786 1611 pruden-

1724 1624 1949 1687 tiamque
1995 1622 2116 1672 belli
2155 1621 2266 1671 dari
2313 1638 2342 1671 a
2387 1622 2526 1685 fatis,
2567 1625 2666 1673 nisi
2707 1640 2786 1675 re·

1723 1706 1897 1758 mote;
1933 1704 1989 1748 et
2022 1705 2273 1761 quatenus
2311 1713 2341 1747 a
2377 1682 2503 1749 tatis
2532 1708 2586 1747 et
2611 1700 2786 1763 provi·

1723 1772 1900 1822 dentia
1942 1779 2042 1835 est,
2091 1772 2228 1838 quod
2283 1774 2462 1837 populi
2507 1776 2600 1824 tali
2647 1774 2782 1825 coelo

1722 1849 1934 1913 soloque
1959 1850 2067 1898 nati
2101 1856 2189 1898 aut
2226 1848 2437 1899 educati
2469 1852 2605 1900 sint:
2641 1851 2782 1916 quod

1721 1924 1928 1974 videtur
1961 1924 2230 1975 fortuitum
2270 1934 2512 1987 respectu
2557 1927 2784 1991 virtutis,

1718 2016 1835 2065 quae
1855 2008 2002 2051 certe
2043 2002 2258 2064 praecise
2279 2002 2471 2051 nullius
2493 2004 2666 2053 atatis
2687 2012 2782 2053 aut

1717 2091 1889 2139 sexus,
1909 2076 2100 2126 nullius
2137 2076 2255 2126 coeli
2287 2085 2377 2126 aut
2409 2078 2504 2127 soli
2533 2086 2637 2137 est,
2661 2088 2778 2144 qnae'

1717 2154 1870 2202 nuilla
1893 2154 2045 2203 terris
2082 2163 2170 2203 aiut
2193 2154 2488 2217 regionibus
2509 2154 2780 2217 definitur,

1719 2235 1809 2277 sut
1832 2229 2134 2278 includitur.
2200 2230 2383 2279 Omnis
2405 2230 2602 2295 quippe
2633 2234 2782 2294 regio

1717 2304 1968 2354 virtutum
2019 2306 2346 2370 virorumque
2387 2304 2554 2359 ferax.
2619 2308 2780 2358 Certe

1718 2376 1862 2426 dedit
1899 2378 2154 2442 Hispania
2177 2379 2434 2443 principes
2463 2380 2698 2443 imperio,
2719 2390 2782 2432 nt

1717 2452 1831 2515 ipsa
1865 2453 2039 2514 Italia,
2072 2453 2220 2503 dedit
2254 2460 2310 2503 et
2331 2456 2778 2519 Gallis,'l'liraeia,

1719 2528 1866 2579 dedit
1903 2537 1959 2579 et
1999 2529 2210 2581 Africa:
2263 2538 2318 2581 et
2355 2532 2432 2581 sie
2469 2532 2537 2581 de
2567 2534 2780 2586 ceteris.

1713 2604 1964 2655 Attamen
1985 2606 2100 2655 alio
2125 2607 2235 2656 aliis
2257 2614 2413 2675 terrai
2435 2609 2700 2659 uberiores
2719 2616 2780 2661 et

1715 2679 1996 2741 feliciores,
2029 2695 2128 2731 nec
2171 2688 2320 2732 tanta
2361 2683 2578 2747 perinde
2621 2685 2778 2749 copia

1715 2756 1970 2805 virtutum
1996 2758 2287 2820 promiscue
2321 2766 2375 2809 et
2417 2762 2778 2831 passinuexu-

1715 2830 1880 2882 berat.
1945 2833 2076 2883 Sunt
2118 2842 2320 2897 gentes,
2363 2850 2482 2900 qun
2521 2852 2552 2885 s
2591 2842 2780 2888 natura

1711 2908 1918 2958 insitam
1959 2908 2208 2959 virtutem
2246 2910 2436 2974 saepius
2468 2918 2524 2961 et
2560 2924 2777 2975 genero·

1712 2983 1818 3031 sius
1841 2990 2087 3035 exerant:
2122 2990 2178 3035 et
2201 2984 2322 3035 bine
2354 2987 2631 3049 provinciis
2663 2988 2778 3053 qui·

1711 3058 1926 3109 busdam
1945 3074 2106 3124 arma,
2124 3060 2283 3125 viros,
2305 3065 2650 3128 virtutemque
2673 3078 2776 3127 pro

1711 3135 1908 3185 tributo
1949 3136 2273 3200 imperabant
2317 3140 2552 3191 Romani.
2613 3140 2774 3205 Saepe

1710 3209 1863 3259 rebus
1886 3210 1939 3259 in
1961 3211 2195 3261 humanis
2221 3214 2356 3263 ludit
2377 3216 2772 3281 dominaturque

1709 3281 1946 3347 fortuna;
1978 3296 2034 3336 at
2053 3288 2243 3352 saepius
2263 3297 2320 3339 et.
2341 3294 2537 3341 certius
2571 3292 2737 3342 virtus
2751 3308 2772 3343 ι

1709 3372 1776 3410 ex
1799 3368 2018 3425 utraque
2043 3364 2260 3413 victoris
2282 3370 2340 3415 et
2367 3365 2642 3430 imperium
2665 3376 2770 3417 est.

1710 3433 2081 3502 Optimumque
2140 3438 2270 3490 illud
2324 3450 2382 3491 et
2421 3442 2772 3494 felicissimu-

1707 3514 2091 3573 commercium,
2131 3532 2232 3581 quo
2267 3518 2419 3567 simul
2452 3520 2774 3571 conveniunt

1706 3604 1920 3655 seseque
1973 3594 2268 3643 osculantur
2309 3595 2550 3656 invicem,
2599 3596 2774 3657 provi-

1705 3665 1885 3718 dentia
1919 3670 2213 3732 Numinum,
2247 3678 2302 3719 et
2339 3670 2472 3718 ratio
2497 3671 2770 3738 virtusque

1703 3746 2012 3793 mortalium.
2078 3746 2236 3793 Forte
2269 3752 2442 3793 tamen
2467 3747 2640 3796 verior
2661 3751 2768 3801 lec·

1706 3820 1799 3881 tio,
1825 3834 1910 3869 nec
1939 3820 2038 3868 uisi
2063 3820 2284 3869 Rome
2305 3821 2568 3885 disciplina
2587 3838 2768 3876 conces-

1701 3910 1823 3956 sum,
1847 3909 1950 3943 non
1975 3896 2179 3959 quidem
2224 3910 2256 3944 a
2291 3896 2437 3959 fatis,
2471 3906 2532 3949 ut
2567 3901 2764 3963 volunt,

1703 3972 1794 4021 sed
1837 3970 2106 4021 indefinite
2149 3972 2202 4019 id
2250 3988 2529 4033 conemur,
2569 3976 2622 4025 id
2663 3986 2765 4041 est,

1704 4050 2040 4113 permissum:
2075 4050 2222 4113 quasi
2257 4051 2476 4113 diceret,
2513 4052 2634 4103 Hoc
2667 4054 2766 4104 soli

1701 4124 1990 4189 discipline
2031 4126 2178 4175 Rom.
2213 4127 2340 4177 licet
2371 4136 2428 4177 et
2467 4128 2642 4178 datum
2665 4136 2767 4193 est,

1697 4216 1800 4251 non
1825 4200 2118 4266 Germanis,
2153 4218 2254 4253 non
2289 4205 2482 4253 ceteris
2511 4204 2766 4267 barbaris,

1697 4278 1784 4343 qui
1830 4292 1972 4329 eaeco
2017 4280 2216 4345 impetu
2261 4288 2418 4332 ruunt
2461 4282 2514 4331 in
2561 4280 2764 4347 praelis,
